2550 3854
183 190 244 254 146
275 193 281 200 ⁴
526 187 806 242 assonationes

246 317 302 402 τὴν
323 322 473 408 γαμετὴν]
509 329 574 387 Vide
597 330 766 402 anonymum
794 328 822 382 iu
850 327 904 384 vita
926 326 1017 384 Sancti
1043 327 1154 384 Nicolai

182 415 304 472 Studitae
327 433 354 489 p.
378 413 450 473 934.

245 499 296 568 34,
320 500 370 556 91.
399 500 530 570 οειομοῖν
552 489 584 552 δὲ
607 489 774 572 διαφόρων]
798 495 873 564 Quos
895 497 966 552 inter
988 497 1077 554 extitit
1099 497 1152 553 ille

182 593 270 641 terrae
291 593 382 641 motus
405 585 451 658 qui
474 591 538 657 post
559 581 758 656 depositionem
779 581 869 637 Photii
891 588 919 637 et
940 582 1147 638 restitutionem

179 668 278 744 ignatii
306 670 412 740 extitit,
446 683 500 742 quo
530 666 597 722 adeo
620 681 752 724 concussa
780 673 821 721 est
845 664 926 735 urbs,
961 673 991 720 nt
1011 663 1148 722 Ecclesiae

181 754 300 826 aliasque
327 753 406 809 aedes
442 769 456 808 a
485 750 668 807 fundamentis
696 749 848 820 subruerit,
882 758 909 806 et
938 740 1006 804 ἀντὶ
1033 737 1147 816 πόλεως

180 829 382 912 πολυάνδριον
414 836 509 893 effecta
542 835 588 892 illa
616 834 714 903 luerit,
749 842 780 890 ut
806 833 901 890 scribit
930 832 1000 890 idem
1029 833 1145 890 Photius

181 925 260 996 epist.
287 921 348 980 100
370 930 398 978 et
421 920 500 991 101,
528 918 574 975 ubi
603 919 675 976 launo
697 874 801 974 divinae
830 917 928 974 ultioni
950 917 1079 974 adscribit
1108 917 1146 974 ob

179 1008 290 1063 iniurias
313 1006 364 1062 sibi
388 1006 529 1079 irrogatas.
807 1027 810 1034 ·

244 1090 293 1162 35,
319 1090 368 1148 28,
396 1081 634 1162 Κωνσιοινιῖνος]
653 1087 706 1142 ‘En
728 1088 819 1160 priore
841 1087 929 1142 basilii
951 1102 1040 1142 uxore
1062 1088 1141 1158 geni

180 1184 235 1245 tus,
258 1183 289 1232 ut
311 1174 533 1230 indicavimusin
548 1171 664 1228 Familiis
681 1177 797 1245 August.
813 1172 922 1244 Byzant.
946 1170 980 1226 de
1003 1187 1058 1244 quo
1075 1171 1143 1228 baec

178 1267 319 1332 praeterea
342 1257 435 1314 scribit
456 1256 561 1314 llioetas
584 1255 751 1330 Paphlago
743 1271 771 1312 ru
793 1257 846 1312 vita
866 1254 966 1329 ignatii
982 1255 1055 1311 Patr.
1071 1253 1142 1311 Gon·

179 1343 355 1438 stautinopol
377 1329 472 1410 εὐθὺς
493 1335 548 1416 μὲν
569 1333 633 1396 τότε
648 1357 688 1418 spa
678 1335 825 1432 βασιλεῖ
834 1333 964 1436 ιέθνιριιε
979 1337 1142 1395 Κωνοιοιν-

179 1445 259 1495 τινος
281 1415 297 1483 ὁ
319 1419 501 1526 τριπόθητος
528 1418 578 1480 nul
601 1395 787 1494 πρωτότοκος
808 1412 936 1498 οἱὸς,“
920 1440 957 1480 ον
978 1416 1029 1478 nol
1039 1413 1143 1518 ἅγιον

177 1503 194 1568 ὁ
218 1501 363 1588 τολμηρὸς
386 1527 472 1580 ουτος
495 1501 643 1588 (mortuo)
668 1506 709 1577 εἰς
731 1500 786 1586 τὴν
807 1506 862 1564 τοῦ
877 1494 994 1608 πατρὸς
1010 1497 1142 1582 χάρινὲξ
1212 1573 1215 1578 Δ

179 1590 286 1655 ἑαυτοῦ
307 1593 502 1691 χειροτονῶν,
517 1589 726 1668 μονοισιιρρίοις
748 1611 777 1650 τε
800 1588 852 1650 καὶ
874 1593 958 1660 ναοῖς
979 1579 1150 1668 &capanea

179 1679 282 1756 ρεοιιίοι
303 1681 398 1756 τιμῶν
420 1699 476 1737 ovat
497 1669 667 1754 ηὖλοιβεῑιοζ

242 1767 293 1840 36,
318 1768 345 1824 1.
382 1757 535 1841 Θεόδωρος
559 1757 575 1820 d
599 1757 850 1841 Σανιοιβνρηνός]
886 1762 951 1832 Quis
979 1763 1024 1820 ille
1046 1763 1142 1820 Sonta-

177 1811 306 1922 barenas,
330 1860 357 1907 et
381 1851 451 1906 unde
474 1858 562 1919 ortus,
584 1849 713 1923 illiusque
737 1848 872 1906 lortunam
893 1847 1021 1904 describit
1043 1847 1142 1921 Stylla-

178 1951 229 1991 nus
252 1935 450 1992 Neocaesareae
472 1933 621 2007 Episcopus
644 1935 672 1990 in
693 1932 778 2006 Epist.
802 1933 834 1988 ad
857 1932 1019 2005 Orientales‚
1041 1931 1142 1988 descri-

177 2027 224 2093 pta
245 2021 272 2075 in
289 2019 442 2094 Appendice
461 2018 493 2074 ad
509 2016 658 2075 Concilium
673 2015 1002 2091 Constantinopolitanum
1025 2015 1053 2073 4.
1071 2031 1093 2073 ο.
1110 2015 1140 2074 4.

242 2188 292 2260 36,
318 2188 365 2244 17.
388 2180 627 2262 ’Μοιριιιοικίοο]
658 2185 777 2242 Meminit
799 2185 917 2243 Godinus
941 2187 967 2241 in
991 2185 1065 2260 Orig.
1089 2185 1139 2245 GP.

176 2288 206 2330 ιι.
224 2271 285 2330 110
308 2271 466 2328 llartinaoaa
481 2271 600 2344 Patulcii,
624 2271 749 2328 avunculi
764 2271 976 2344 Theopbauonis
991 2274 1139 2344 Augustae,

176 2355 226 2412 sub
248 2356 376 2416 ilicbaele
399 2365 427 2412 et
440 2355 550 2428 Basilio,
573 2372 588 2411 a
604 2372 658 2430 quo
674 2353 842 2412 aedificatum
857 2354 1050 2412 llonasterium
1065 2355 1137 2430 qnod

175 2440 249 2497 illius
272 2458 371 2498 nomen
393 2442 516 2497 retinuit.
675 2435 677 2440 ’

240 2525 289 2596 36,
314 2525 363 2583 28.
397 2512 528 2596 ξιφίδιον
549 2518 638 2580 ἔνδον
659 2521 714 2579 τοῦ
735 2513 939 2600 ὑποδήματος]
969 2523 1024 2581 Leo
1048 2524 1139 2581 Gram-

175 2602 325 2666 maticusl
325 2629 344 2666 ν
365 2606 408 2664 rm*
434 2605 521 2684 τοοβί
521 2626 554 2688 tp,
576 2613 607 2666 in
629 2610 727 2666 tibiali.
771 2608 1057 2683 Porplryrogeuitus'
1050 2625 1078 2665 ιιι
1098 2609 1139 2664 avi

174 2693 228 2749 vita
255 2712 283 2752 ιι.
307 2695 357 2755 99
387 2693 452 2752 edit.
480 2692 649 2765 combefisii,
677 2687 816 2751 ιιέλενσον
843 2689 1075 2767 περιαιρεθῆναι
1103 2683 1138 2748 τὰ

173 2771 280 2835 πέδιλα
305 2776 363 2834 τῶν
390 2773 492 2836 ποδων
514 2768 625 2847 αὐτοῦ,
654 2778 692 2834 ita
719 2777 919 2835 santabarenus
947 2777 980 2833 ad
1002 2779 1136 2834 basilium.

174 2861 292 2937 Symeon
315 2863 517 2938 logothetam
539 2861 687 2920 basilion.
710 2863 749 2920 21
779 2869 807 2919 et
828 2864 856 2919 in
879 2861 1014 2920 Chronico
1037 2879 1087 2920 ms.
1109 2864 1138 2919 iu

112 2938 114 2945 ’
174 2963 229 3021 quo
257 2949 389 3040 corporis
409 2947 471 3005 loco
502 2939 697 3041 παροιμήριον
723 2946 848 3004 habuerit
880 2945 935 3002 leo
964 2963 1019 3003 nou
1047 2946 1136 3004 tradit.

173 3030 303 3105 Scylltzes
326 3018 408 3100 ἐντὸς
429 3028 482 3089 τοῦ
503 3021 704 3106 ὑποδήματος,
728 3041 758 3088 ut
772 3032 888 3088 Zonaras
911 3039 939 3088 et
960 3030 1067 3106 Glycas,
1092 3029 1137 3087 ubi

171 3114 350 3174 Leuuclavius
372 3119 623 3188 subvestavertlt,
645 3125 674 3174 et
692 3125 777 3188 recte,
800 3115 938 3174 niiallor.
961 3117 1136 3190 nequeenim

171 3202 202 3256 in
223 3199 320 3258 calceis
344 3201 415 3259 vel
407 3217 434 3258 ιιι
458 3200 542 3258 tibiali
563 3203 712 3277 pugionem
740 3208 862 3277 gestare
872 3201 964 3278 potuit
986 3199 1057 3273 beo,
1085 3201 1137 3256 nisi

172 3301 224 3359 per
246 3284 346 3342 tibialia
367 3287 480 3343 braccae
501 3286 700 3359 intelligantur.

237 3369 288 3442 37,
313 3371 340 3427 6.
370 3364 493 3443 ἐγκλείει
515 3366 620 3426 τοῦτον
641 3387 701 3426 τιον
722 3365 884 3444 βασιλικῶν
906 3357 1053 3440 θαλάμων
1076 3359 1134 3444 tvl]

172 3451 249 3508 lirrat
264 3455 351 3528 igitur
365 3453 542 3552 Damascenus
557 3454 665 3512 Studita
680 3454 778 3512 Homil
796 3452 848 3526 34,
863 3453 927 3510 dum
942 3452 1036 3512 scribit
1051 3451 1137 3509 Thes·
