2548 3850
132 257 135 264 ,
193 237 233 304 10
311 233 325 241 ·
530 235 813 290 nunonnmouns

248 378 332 452 -300,
356 379 384 436 7.
417 371 601 454 ἕλπίζεσθαι]
632 377 693 433 vide
715 377 803 434 Gloss.
827 376 897 434 med.
921 376 1034 434 Graecit.
1057 379 1086 434 in
1109 377 1162 434 hao

191 481 266 522 νοτε.
1268 477 1269 480 ’

254 548 324 614 306,
349 547 400 605 22.
430 541 580 614 Θανόντος
595 540 627 604 δὲ
638 539 853 622 Ἀλεξάνδρου]
876 546 950 602 Hanc
964 553 1028 621 post
1043 547 1161 604 Alexan·
1264 527 1270 604 ζ

190 636 231 690 dri
254 633 359 702 obitum
380 634 579 706 provinciarum
601 632 782 706 direptionem
805 647 838 686 ex
853 630 960 704 Satyro,
984 634 1068 688 veteri
1091 637 1161 689 seri·
1259 664 1264 675 ·

189 728 279 794 ptore,
301 726 332 773 ut
354 727 382 773 et
404 717 620 774 Ptolemaeorum
643 717 844 790 genealogiam,
867 715 960 790 attigit
982 732 1046 790 prae
1068 727 1161 774 eaete-
1257 748 1265 765 -

189 806 227 860 ris
250 801 367 858 Eodocla
389 802 524 876 Augusta,
548 801 674 874 Diogenis
697 800 808 856 Romani
831 801 895 873 imp.
912 817 990 870 uxor,
1013 803 1041 857 in
1058 801 1159 871 loniis3

191 886 354 960 exquibus,
377 887 440 960 quia
461 885 573 956 inedita,
597 884 667 941 haud
691 887 827 959 ingratum
850 884 922 940 forte
944 885 1042 942 leotori
1058 885 1160 942 videbi·

190 981 244 1042 tur,
268 973 292 1026 si
315 971 511 1044 qualiacunque
533 977 598 1025 suut
620 971 672 1032 hoo
694 969 756 1025 loeo
772 967 968 1026 describantur.
1002 963 1161 1045 [Leguntur

191 1058 257 1112 llaec
278 1057 307 1111 in
330 1055 471 1110 Villoisoni
492 1055 593 1114 Aneod.
618 1053 663 1110 Gr.
687 1055 741 1111 vol.
764 1053 775 1108 l
797 1071 824 1126 p.
849 1049 1043 1130 mit-368]
1246 1098 1250 1108 .

141 1151 172 1198 12
256 1139 381 1208 307,1.
422 1133 669 1193 τῶνόὲλοιπαῖν
696 1135 728 1194 οἱ
752 1131 1023 1215 προγεγραμμένοι]
1053 1139 1161 1196 seilicet
1266 1125 1270 1190 i

191 1224 332 1294 Seleucus,
355 1223 535 1287 Ptolemaeus,
559 1224 722 1297 Antigonus,
746 1224 902 1296 Antipater,
926 1221 1067 1293 Arionem,
1090 1223 1157 1279 Per-

191 1309 290 1380 diccae,
314 1309 348 1366 de
371 1307 469 1381 qulbus
492 1325 574 1382 supra
598 1301 640 1384 [p.
664 1307 734 1376 193,
750 1301 814 1382 22]

255 1393 327 1465 307,
350 1393 400 1448 21.
431 1382 463 1460 ὃς
490 1383 542 1460 τός
569 1408 599 1446 τε
626 1381 743 1490 γραφείς
768 1383 820 1460 τὰς
843 1381 1018 1468 Εβραϊιιόις]
1058 1391 1088 1448 ln
1116 1393 1159 1448 his

190 1479 273 1536 saonis
295 1477 372 1534 libris
394 1495 408 1532 a
431 1477 655 1534 ixionannos
684 1477 798 1534 Danielis
827 1477 926 1532 librum
949 1477 1090 1532 visionum
1113 1493 1159 1533 ex·

190 1563 294 1620 stitisse
318 1560 425 1637 fingunt
447 1563 555 1631 Graeci,
585 1561 619 1618 de
642 1577 696 1634 quo
719 1562 861 1635 sequentia
883 1578 916 1617 ex
938 1560 1032 1618 codiee
1054 1578 1096 1617 ms
1119 1561 1159 1616 bi·

66 1655 69 1662 ‘
189 1647 341 1704 bliotheoae
362 1647 468 1740 Regiae
481 1647 684 1748 exscripsimus.
731 1637 950 1716 Πτολεμαῖος’
934 1663 950 1700 o
969 1635 1159 1716 Φιλάδελφος
1268 1641 1270 1690 ἶ

190 1718 368 1827 όβασιλεύς
390 1719 583 1832 Αλγόπτου”
566 1729 683 1804 υπηρχε
705 1725 921 1806 βασιλεύσας’
905 1749 956 1803 ετη
978 1721 1031 1802 λη’.
1063 1723 1097 1786 ἐν
1119 1747 1158 1826 τη
1268 1773 1270 1790 ι

189 1803 283 1872 αὐτοῦ
305 1801 493 1894 {iootlst‘oe‘
454 1833 541 1883 ουτος
559 1807 716 1911 Ἑβραίους
730 1807 1031 1954 ιιαταόουέλωσόμενος
1046 1805 1136 1882 είς
1101 1831 1159 1886 την

186 1895 343 1994 Ἑλληνίδα
365 1871 578 1976 μετίιβαλεὶν’
562 1893 709 1974 ηνόγιιαζε
731 1889 838 1995 φωνην
853 1893 953 1972 ἕκτης
972 1885 1163 1973 Εβραΐτιόος

189 1979 287 2052 πόσας
309 1971 360 2052 τὰς
387 1983 473 2052 θείας
494 1976 621 2082 γραφάς.
659 1979 710 2040 καὶ
732 1983 888 2052 ποιοῦντες
915 1977 972 2057 τὴν
999 1979 1158 2056 ἑρμηνείαν
1268 1979 1270 2050 ξ

188 2059 346 2166 όίνόρεςό
364 2061 397 2122 ἐν
419 2065 511 2167 σοφίᾳ
532 2059 613 2142 παρὰ
627 2070 689 2138 τοῖς·
707 2062 859 2166 Ἑβραίοις
874 2061 1093 2140 ἐπαινούμενοι.
1124 2061 1159 2124 ἐν
1268 2069 1270 2100 l

189 2143 305 2222 τούτοις
327 2143 439 2210 όπασιν
461 2149 500 2226 ην
521 2145 618 2209 καλ
600 2173 620 2226 η
643 2150 747 2230 βίβλος
774 2145 828 2230 ἥδε
850 2147 973 2246 Δανιὴλ
1000 2158 1055 2208 τοῦ
1082 2169 1156 2222 προ-
1244 2151 1270 2206 ’ἶ

190 2233 311 2334 φητον
311 2223 472 2316 όπτασιων,
497 2230 673 2333 ὑπάρχουσα
688 2235 790 2315 βίβλος
805 2226 966 2314 θαυμαστή
989 2234 1041 2293 καὶ
1057 2231 1157 2313 ἔγειρε·
1268 2229 1270 2308 l

189 2344 251 2396 τος,
279 2343 316 2379 τα
344 2317 534 2420 ἐπερχόμενα
549 2314 769 2399 αναγγίλλουσα
798 2319 881 2417 μίγρι
907 2321 961 2394 τῆς
988 2319 1159 2390 συντελείας
1269 2355 1270 2364 2

190 2409 244 2468 τοῦ
265 2401 378 2482 κόσμον
400 2397 475 2464 κατα
497 2398 590 2482 τύχην
611 2407 672 2464 τῶν
694 2401 920 2503 συμβαινόντων
942 2401 1086 2478 αἰθερίαν
1108 2423 1156 2462 τε·
1180 2407 1189 2418 ”
1268 2409 1270 2430 l

191 2486 297 2573 ρότων
333 2488 365 2548 ἐν
388 2487 420 2550 δὲ
440 2497 505 2566 ταῖς
525 2485 653 2566 ημέραις
676 2483 801 2552 Κώνστα
829 2490 883 2550 τοῦ
905 2487 1007 2569 βασιλέ
1008 2511 1047 2560 ως
1069 2491 1157 2547 Κοιν-

141 2589 172 2638 13
186 2569 479 2680 σταντινονητόλευς,
502 2572 516 2634 ἕ
515 2573 627 2654 γγόνου
642 2571 674 2634 δὲ
692 2570 880 2648 Ἡρακλείου,
903 2573 1053 2676 Μααβίας
1065 2568 1082 2633 3
1097 2572 1160 2632 τῶν

186 2651 362 2738 Ἀρόβων’
344 2653 472 2738 αργηγὸς
498 2656 571 2737 μετὰ
593 2654 750 2761 βυνόμεως
778 2659 915 2734 πλείστης
942 2651 1074 2732 ἐξελθών
1103 2678 1159 2714 ιια-

189 2748 297 2842 τῆλθε
305 2741 387 2820 μέχρι
409 2742 461 2803 καλ
483 2766 536 2820 της
553 2738 711 2805 Ρόδσυ
679 2765 734 2820 την
755 2765 813 2823 γην
835 2751 897 2804 τῶν
919 2739 1070 2842 ‘Populos
1091 2743 1159 2816 ληΐ-

191 2831 259 2933 ζωη.
287 2819 321 2900 ός
342 2826 393 2888 καί
416 2827 528 2906 ταύτην
550 2825 728 2904 κατέστρεψε
749 2826 800 2888 καί
815 2830 915 2888 πᾶσαν
927 2822 985 2927 τὴν
1006 2825 1160 2926 παραλίηιν

190 2909 300 2990 ταότης
328 2909 480 3020 ἐλεηλάτει.
524 2909 541 2974 3
571 2909 603 2974 δὲ
629 2904 768 2990 βασιλεός
795 2914 887 2972 ταῦτα
919 2904 1050 2982 ἀνιούσας
1083 2904 1160 2970 λαὸν

191 2997 395 3100 συναθροίσας
408 2989 505 3077 ηλθεν
519 2998 561 3070 είς
578 2997 708 3058 Φοίνικα
723 2995 774 3058 καί
797 2997 882 3078 [corr.
901 2996 1050 3096 Φοιηίιιην
1065 2986 1159 3077 κατὰ]

190 3084 297 3144 τοῦτον
319 3076 371 3142 τόν
388 3083 478 3162 Μαβί
476 3107 514 3143 αν
536 3077 843 3188 ἀντιπαρατάξασθαι.
873 3078 924 3141 καί
939 3073 1070 3158 πόλεμον
1085 3096 1161 3140 συν-

190 3163 274 3242 όψας
294 3161 439 3244 ηττιόνται
457 3162 648 3246 ‘Popotot,‘
631 3189 647 3228 ο
674 3165 706 3228 δὲ
726 3157 816 3240 αότός
832 3158 972 3238 Κόνστας
994 3163 1078 3242 μόλις
1092 3164 1162 3224 ότα-

191 3248 302 3323 σωθείς
322 3245 507 3330 ὑπέστρεψεν
530 3252 612 3313 ἐν
576 3274 611 3335 τη
633 3247 717 3312 πόλει
738 3273 789 3328 μετ
793 3243 971 3328 ἀἰσχύνης
1001 3245 1068 3310 333
1085 3253 1161 3308 Μα-

192 3339 258 3417 βίας
280 3333 423 3414 ἐπαρθείς
449 3358 486 3418 τη
507 3337 577 3412 νίκη
604 3331 742 3416 ἕπηρθη,
769 3334 968 3410 ιιατεόαφίσας
996 3325 1053 3409 τὴν
1074 3337 1160 3414 περί
1268 3393 1270 3406 ἑ

190 3442 361 3522 γηρονχ
308 3419 361 3500 μέχ
362 3441 392 3494 ρι
414 3411 524 3480 μαλ’
487 3443 580 3500 αυτης
601 3423 654 3522 τῆς
673 3412 1018 3492 Κωνσταντινονπόλεως.
1050 3411 1084 3492 ὃς
1105 3416 1161 3478 καί
1268 3455 1270 3482 ι

190 3529 247 3583 την
261 3507 367 3586 βίβλον
381 3499 495 3582 ταύτην
509 3499 647 3582 ἐντυχίαν,
670 3503 721 3566 noel
736 3527 773 3567 τα
762 3502 972 3586 γεγραμμένα
986 3501 1161 3582 θαυμάσας,
1268 3533 1270 3542 ‚
