2544 3852
491 211 542 264 An
561 211 644 266 τοι.
662 211 732 264 ιτ
1022 213 1083 278 175

119 350 190 408 stole
212 350 245 406 οδ
266 349 482 448 Menomaehum,
505 349 539 406 de
559 351 682 446 Ατργτοι
692 341 800 444 λόγου
822 344 854 408 δὲ
875 347 927 409 καλ
947 347 1084 422 παιδείας

119 419 301 509 υῦδεμιᾶς”
281 449 404 509 αμοιρος
418 417 471 506 ἦν,
493 420 626 489 6666
589 453 604 490 τ
647 421 721 528 6963
742 431 835 492 ταῦτα
851 429 907 506 ὄξει
922 437 984 504 τοῖς
998 429 1081 512 πρῶ·

118 535 180 587 τοις
190 511 372 615 ἐφάμιλλος.
415 518 503 576 Infra:
518 513 564 575 ἓν
585 513 618 575 δε
638 515 760 620 πρῶτον
780 513 869 596 ἔργον
894 513 1016 578 ἐκείνου
1031 517 1083 577 καὶ

118 592 307 700 σποάδασμα,
330 596 413 658 λάειν
434 591 470 658 τά
485 599 537 678 τῆς
551 599 670 678 γραφῆς
686 597 798 680 άπορα,
820 597 917 661 καλ
887 623 939 661 τον
954 621 1082 682 κεκρυμ-

115 675 248 763 μένο’ν
230 680 406 761 ανοράττειυ
419 686 505 758 νοῦν,
528 682 579 744 καί
601 683 657 746 τδν
678 682 795 746 σκοπδν
818 681 1008 784 ἀνευρίσκειν
1030 689 1084 746 τοῦ

120 767 305 866 αἰνίγματος·
328 765 406 828 ὅθεν
420 760 596 844 φιλοσόφοις
609 761 712 870 ὁμίλει
727 767 777 830 καί
793 765 927 848 ῥήτορσι,
949 767 1000 831 καλ
1015 767 1083 847 περί

118 848 232 914 τούτων
259 852 372 932 μᾶλλον
400 845 625 913 ἐσπουδάκει
581 877 623 952 η
650 850 686 914 τῶ
717 851 853 954 δημόσια.
898 859 970 916 ldem
992 857 1040 921 lib
1063 859 1082 917 3

117 943 182 1001 hist.
206 959 255 998 me.
277 927 371 1014 66
339 957 394 1016 μεν
414 929 472 998 οὖν
495 933 553 998 δ’
534 927 612 1018 ανὴρ
640 937 690 998 καὶ
715 935 813 1039 λόγοις
840 937 1084 1040 ἐπιτετραμμένος

113 1018 313 1100 Ἑλληιικοῖς,
340 1019 391 1082 καὶ
418 1021 554 1096 παιδείας
581 1021 766 1103 μετεσχηκῶς
793 1017 848 1102 ὅση
876 1029 938 1097 τοῖς
963 1015 1086 1084 Ἰταλῶν

1 1140 2 1145 1
75 1145 79 1154 ·
120 1103 217 1186 λόγοις
239 1103 388 1186 ἐξήρτητο.

184 1196 253 1267 139,
278 1195 307 1252 5.
341 1189 391 1251 καὶ
414 1195 476 1263 τοῖς
490 1187 695 1266 Πατζινάκαις
717 1193 764 1254 λεί
761 1215 782 1253 α
803 1190 905 1274 γέγονε
927 1194 988 1254 τῶν
1010 1197 1082 1254 Μυ-

118 1274 195 1357 σῶν]
228 1279 328 1338 Notum
349 1279 539 1354 proverbium,
570 1281 604 1338 de
632 1299 687 1356 quo
715 1280 745 1340 in
766 1282 844 1339 Notis
873 1282 905 1338 αδ
929 1282 1082 1348 ΛΙοιΙεδοατ

119 1366 249 1438 quaedam
271 1364 421 1436 attigimus.
465 1365 495 1421 In
517 1365 603 1422 Alexii
626 1367 755 1423 Gomneni
769 1366 879 1424 Novella
901 1365 972 1441 epud
994 1365 1082 1423 Balsa·

118 1465 227 1506 monem
250 1448 282 1505 ad
305 1449 452 1507 Nomoeen.
475 1467 503 1524 p.
522 1448 592 1506 140.
617 1449 682 1508 edit.
701 1451 717 1506 1
741 1441 777 1505 τὰ
792 1447 923 1527 Φρυγῶν
945 1444 996 1506 καὶ
1012 1451 1083 1506 Μυ-

119 1530 191 1605 σῶν,
213 1523 233 1606 6
256 1528 410 1606 παροιμία.

185 1617 260 1691 141,
290 1617 340 1676 26.
377 1614 417 1696 τῶ
444 1633 574 1716 γυναικη
600 1606 740 1697 άδελφφ]
775 1621 815 1674 An
842 1611 1082 1716 γυναικαδέλφρτ,

118 1703 211 1760 uxoris
233 1657 331 1758 1616?
363 1717 428 1760 mss.
452 1703 521 1777 regii
543 1717 653 1776 omnes,
680 1673 714 1758 6
722 1696 754 1760 δὲ
775 1689 883 1759 αὐτίκα
910 1695 1020 1778 γράφει
1041 1703 1085 1782 τῶ

117 1777 240 1864 ἀδελφῷ
257 1776 385 1884 Ἰωάννη
406 1795 459 1844 eto.
481 1785 649 1880 praeferunt.

185 1871 257 1944 143,
283 1870 331 1932 10.
361 1861 420 1944 ἤδη
436 1864 520 1928 δὲ
482 1887 536 1942 της
550 1859 641 1926 νόσου
650 1864 897 1965 νεανιευομένης]
921 1870 993 1928 Idem
1008 1871 1081 1929 Peel·
1085 1877 1132 1926 111

118 1957 162 2012 lue
184 1955 218 2011 de
240 1914 335 2012 6060
358 1955 546 2056 lepperatoris.
569 1949 621 2012 καλ
644 1941 731 2029 ὃμὲν
752 1949 893 2030 βασιλεὺς
914 1941 1013 2058 ῶδερρῑ
1034 1973 1083 2012 πε-

118 2031 330 2111 ριεπεπτώκεε,
353 2033 390 2098 ⁰6
413 2035 571 2119 περιοδικῇ
593 2035 750 2139 φρενίτιδι
763 2034 955 2136 ἔκμμνεν,”
923 2055 982 2096 τιτι
1003 2057 1084 2109 τινος

119 2119 268 2222 βασκαγίρι
291 2118 432 2198 δαίμονος
453 2120 596 2200 πονηροῦ,
618 2112 692 2182 αιἰτδ
714 2114 802 2196 66
774 2142 806 2181 το
828 2123 881 2201 τῆς
902 2121 1003 2226 ιμυχῆς
1017 2115 1083 2200 ἦγε·

119 2199 246 2284 μονικδν
267 2204 501 2284 περιτρέποντος,
525 2203 583 2264 εἴτε
598 2213 653 2264 του
666 2203 845 2304 μελαντέρου
863 2225 917 2267 και
908 2201 1084 2310 γεμδεστέ·

120 2311 176 2370 ρου
196 2297 294 2368 χυμοδ
316 2287 363 2350 ἐπὶ
378 2289 442 2390 τήν
450 2279 615 2364 κεφαλὴ’ν
599 2283 835 2392 αμαιιρόντος,ο
818 2281 869 2347 οἶα
884 2285 971 2364 66
939 2312 976 2352 τα
990 2283 1084 2350 πολλα

118 2374 256 2452 γίνεσθαι
279 2372 405 2436 εἴωθεν
429 2365 445 2434 6
467 2365 573 2452 μὲν
536 2393 592 2434 ουν
606 2367 822 2472 ἀμφοτέρωθεν
843 2370 961 2475 ἔκαμνε,
983 2365 1081 2434 καλ
1050 2393 1083 2432 το

119 2457 300 2538 ἐνεργον
263 2481 318 2534 της
337 2452 487 2538 βασιλείας
509 2449 560 2517 διά
581 2459 634 2535 τῆς
655 2452 748 2518 νόσου
770 2447 984 2534 άποσεσάλητο.

186 2547 332 2620 143,12.
357 2537 667 2624 οίίτεπροόδοιςοιο.]
692 2546 758 2603 Vide
773 2545 862 2605 Gloss.
879 2547 949 2604 med.
966 2545 1083 2604 Graecit.

119 2635 148 2689 in
170 2621 333 2705 πρόκυψις.

186 2715 256 2788 144,
280 2716 330 2773 21.
359 2712 392 2771 οί
410 2714 592 2792 πληροῦντες
613 2703 704 2786 66
672 2733 727 2788 την
742 2707 826 2784 τάξιν
840 2699 896 2788 την
910 2701 1081 2792 βασιλιντην]

1 2845 2 2858 .
119 2799 255 2871 Wolfius,
285 2803 412 2858 ordinem
438 2801 671 2874 Imperatorem
715 2799 1084 2890 Ιλεροειι1ιοιιεοοαιίλαλαικ

118 2841 320 2958 Ιταγεταίονίο.
366 2885 429 2941 Vide
452 2886 540 2942 Gloss.
563 2883 633 2941 med.
657 2883 774 2942 Graecit.
796 2885 824 2938 in
846 2873 935 2953 τάξις.

184 2969 341 3044 146,12.
377 2960 393 3026 6
423 2962 455 3026 66
483 2961 624 3068 βασιλείης
653 2971 708 3043 τῆς
732 2955 868 3044 ἀγγελίας
893 2962 1085 3040 κομισθείσης

119 3039 216 3132 αὐτῷ]
245 3011 280 3110 6t
301 3053 412 3112 Micheel
435 3053 604 3128 Paphlago
597 3069 624 3108 m
647 3052 779 3126 pulgams
802 3051 1000 3128 expeditionem
1022 3069 1084 3108 sus·

120 3140 238 3214 ceperit,
267 3140 388 3211 quemvis
410 3138 533 3212 hydrope
556 3136 699 3208 laborans,
722 3145 829 3192 enarret
850 3136 986 3194 Psellus
977 3153 1006 3194 m
1028 3138 1085 3230 epi·

121 3223 192 3280 stole
213 3221 246 3278 οδ
267 3221 487 3280 Monomechum:
515 3219 600 3294 ζῆλος
622 3180 765 3278 ἐντεδθεν
776 3225 831 3318 τῇ
853 3213 932 3302 νόσῳ
945 3208 1084 3360 ἐσβεννύ-

120 3322 209 3402 μενος
230 3323 357 3364 αναπτει
379 3323 433 3363 του
453 3297 675 3401 αυτοκράτορα,Ι
702 3291 791 3362 κα1“
774 3319 807 3374 ος
828 3277 959 3381 μηδδτίέ
959 3294 1086 3380 ννοήοας

120 3379 153 3448 τδ
177 3379 233 3448 ὅσα
253 3387 423 3489 μαλρικίζειν
445 3387 553 3463 εἴωθε,
580 3377 622 3466 μὴ
643 3378 698 3464 τὴν
718 3384 840 3485 διπλῆν
868 3381 1007 3463 δαπάνην
1033 3385 1087 3444 τοῦ

121 3465 265 3552 σῶματος,
287 3463 328 3551 μὴ
342 3469 375 3533 τὸ
390 3481 443 3552 τῆς
463 3467 538 3534 6606
558 3493 664 3551 μηκος,
685 3461 726 3550 μή
740 3467 774 3534 ’τδ
798 3495 851 3558 του
838 3469 1002 3550 πολέμου
1017 3463 1087 3530 δυ’σ·
