2548 3850
195 243 236 306 12
540 245 821 298 nnsornrrorms

196 392 272 442 cant:
302 385 350 440 sed
373 386 396 440 si
411 385 492 440 lectio
514 401 570 439 non
594 384 678 455 lallit,
705 369 974 458 ἆποτετρνμμένοις
995 387 1089 458 posuit
1110 401 1162 459 pro

194 457 416 544 ι’νπειρημένοις,
440 471 574 526 remediis
595 470 765 526 interdictis.
794 469 839 524 W.

526 616 575 664 AD
593 614 774 666 VOLUMEN
791 615 830 667 II.

144 719 176 768 15
259 721 295 794 8,
325 719 374 778 15.
408 717 461 776 τοῦ
478 707 667 818 ἀρχιερέως
671 711 743 788 iriae
772 707 872 796 [Horo
871 711 976 798 oipon]]
1005 727 1163 794 postremus
1216 735 1220 740 '
1272 719 1273 722 ’

194 807 317 862 Archelai
339 806 477 905 pontifex
478 795 592 876 Ἰησοῦς
612 801 667 860 τοῦ
690 803 743 861 Σίε
764 823 859 897 supra
868 805 977 861 dicitur.
1009 805 1054 862 W

258 891 288 963 9,
314 889 363 946 15.
393 884 444 944 καὶ
459 879 480 964 ἡ
495 887 556 946 τῶν
577 882 679 962 νόμων
701 880 803 957 αὐτοῖς
825 905 861 945 ου
876 889 1089 966 παρατηρεῖναι
1104 907 1161 945 ποι·

194 967 332 1052 ράβασις]
357 975 473 1031 fortasse
497 971 628 1047 νομίμων
650 968 829 1048 παράδοσις,
858 979 965 1032 rituum
989 976 1160 1032 traditiones

193 1077 252 1118 non
274 1061 437 1116 observant
481 1059 631 1158 Iosephus
636 1059 716 1115 habet
739 1055 875 1152 φυλακῆς
901 1052 934 1114 δὲ
954 1047 1096 1132 οὐδαμῶν
1118 1077 1162 1114 m

194 1161 256 1200 νων
278 1141 470 1216 μεταποίησις
491 1130 592 1212 αὐτοῖς
612 1131 631 1216 ἢ
654 1137 714 1198 τῶν
736 1133 846 1216 νόμον.
882 1144 927 1199 W.

260 1227 383 1299 16,15.
417 1221 546 1304 Θύβριν]
581 1228 625 1284 Sic
647 1245 701 1284 nrss
724 1245 818 1284 omnes
841 1245 902 1284 cum
924 1229 948 1282 θ
972 1226 1098 1284 Tiberim
1122 1227 1163 1283 ei·

194 1312 297 1368 ierunt.
342 1311 503 1370 Claudianus
525 1311 572 1368 lib.
597 1313 646 1368 2
639 1329 665 1368 m
688 1311 847 1386 Eutropium

322 1401 353 1453 n'i
366 1412 474 1454 memor
487 1401 601 1469 imperii
615 1397 714 1454 Stilico
729 1413 895 1470 morumque
908 1401 1039 1469 priorem

322 1490 407 1553 turpe
422 1486 580 1556 retepossct
595 1483 716 1554 defenso
732 1501 750 1537 a
769 1482 913 1555 Thybride
928 1496 1045 1550 nomen,

323 1573 525 1640 servatumque
541 1585 612 1624 novo
629 1574 775 1622 servasset
789 1569 909 1659 ονίοιίμο
923 1567 1053 1622 Romam.

194 1650 354 1707 Paeanius'
346 1669 375 1706 m
394 1651 556 1725 metaphrasi
571 1649 694 1724 Eutropii
716 1650 761 1706 lib
786 1652 803 1706 1
826 1640 899 1725 πρὸς
920 1649 986 1718 ταῖς
1007 1665 1060 1704 του
1049 1639 1162 1722 Θύμ-
1201 1719 1204 1722 ¹

194 1729 297 1810 βριδος
319 1729 467 1828 ἐμβολαῖς.

260 1818 309 1889 20,
336 1819 384 1875 13.
414 1836 489 1890 αντη
511 1815 586 1894 γοῦν
608 1811 628 1890 ἡ
653 1813 788 1894 Κύπρος]
813 1818 878 1875 Vide
902 1817 1041 1873 observata
1063 1833 1078 1871 a
1099 1815 1163 1874 Sca-

195 1903 284 1976 ligero
307 1903 340 1958 ad
363 1901 557 1977 Eusebiump.
583 1902 651 1962 162
675 1920 730 1960 sec.
754 1904 820 1959 edit.

260 1985 390 2055 91,18.
426 1985 631 2056 πονπουλαρία
660 1976 844 2059 κέκληται
826 2008 845 2061 η
869 1972 1013 2060 δημοτικὴ
1041 1970 1161 2062 ἆγωμὴ]

194 2071 280 2127 Miror
302 2070 412 2127 doctum
434 2074 610 2144 interpretem
632 2073 775 2146 ignorasse
796 2073 869 2130 vocis
891 2061 993 2146 ἀγωγὴ
1016 2072 1162 2126 notionem

194 2156 248 2212 hoc
269 2155 349 2227 loco,
373 2156 417 2212 ubi
438 2158 637 2214 educationem
653 2161 744 2233 vertit,
768 2174 829 2213 oum
852 2158 888 2212 sit
904 2159 980 2212 actio
992 2158 1174 2227 popularis.

194 2257 225 2294 ec
246 2239 360 2314 proinde
389 2257 440 2296 vor
467 2241 737 2300 Iurisconsultorum.
783 2241 894 2297 Glossae
915 2240 1020 2298 Basilio.
1044 2255 1159 2294 morron-

192 2322 297 2398 tepla,
322 2315 480 2398 δημοτική·
504 2316 669 2397 πόποολος,
691 2318 827 2398 ὁδῆμος.
864 2325 933 2381 Sunt
955 2333 1044 2380 autem
1061 2325 1161 2382 Actio-

194 2425 247 2466 nes
262 2413 433 2482 populures,
450 2427 526 2483 quoe
540 2427 623 2467 suum
643 2416 688 2468 ius
701 2413 809 2483 populo
827 2417 954 2481 tuentur,
977 2417 1008 2464 ut
1030 2410 1067 2464 ait
1089 2408 1162 2464 Pau-

193 2493 237 2548 lus
258 2493 328 2548 inl
353 2494 715 2587 1.o.deropu1artact.

259 2577 307 2648 91,
325 2577 374 2636 20.
398 2566 559 2654 docleatae
570 2568 783 2655 Πατρικίοος
768 2568 917 2652 ονομοὶσοις
931 2564 1054 2652 αντονς]
1069 2575 1163 2633 Livius
1270 2577 1271 2588 ¹

194 2660 287 2716 aliter:
302 2663 411 2720 Patres
422 2671 502 2720 certe
515 2662 551 2720 ab
566 2665 685 2737 honore,
701 2666 880 2736 Patriciique
893 2666 1046 2736 propentes
1061 2677 1164 2718 eorum
1270 2681 1271 2688 ¹

194 2748 345 2818 appellati.

259 2829 331 2901 110,
355 2831 383 2886 7.
414 2821 448 2886 τό
469 2821 590 2907 γράμμα
613 2825 645 2887 δὲ
667 2827 727 2910 ῥῶ]
752 2831 852 2890 Scribit
867 2832 994 2902 Zonaras,
1017 2847 1049 2886 ex
1064 2829 1162 2901 llione,
1268 2903 1269 2908 η

192 2912 324 2969 Patricios
346 2914 491 2988 Romanos,
516 2933 570 2990 quo
594 2934 608 2971 a
631 2925 736 2974 caetera
751 2916 830 2990 plebe
845 2916 1083 2990 dignoscerentur,
1106 2914 1163 2970 eal-
1268 2919 1270 2996 ζ

143 3002 256 3052 roccos
279 2999 457 3072 corrigiarum
479 3000 654 3074 impletione,
677 3010 704 3058 et
719 3000 807 3062 forma
821 3001 928 3056 litterae
947 2995 992 3074 ῥω·
1013 3000 1163 3072 insignitos
1269 3007 1270 3020 ¹

191 3080 328 3138 induisse:
352 3100 421 3156 quae
444 3085 562 3159 quidem,
585 3087 683 3159 inquit,
707 3085 889 3143 centenarium
910 3099 1052 3144 numerum
1075 3081 1163 3157 signi·

193 3163 297 3238 domet,
319 3167 434 3223 totidem
457 3171 528 3225 enim
550 3179 628 3226 erant
648 3170 765 3239 Patricii,
789 3169 831 3226 vel
853 3169 926 3243 quod
949 3171 985 3226 sit
1007 3169 1093 3242 prima
1114 3167 1162 3223 lit·
1268 3155 1269 3162 ἵ

193 3259 253 3306 tera
273 3250 386 3308 Romani
407 3255 537 3310 nominis:
567 3272 637 3328 quae
660 3255 767 3328 quidem
790 3255 899 3310 minime
927 3255 972 3310 hic
1000 3253 1159 3312 cohaerent.
1268 3297 1269 3306 ,

193 3333 259 3392 Nam
280 3334 459 3392 Patriciorum
480 3338 567 3394 lanati
589 3347 675 3410 erant,
695 3356 765 3414 quos
780 3337 928 3410 vocabam.
944 3337 1037 3408 calcei,
1060 3335 1161 3409 quibus
1268 3361 1269 3379 2

193 3419 299 3476 scilicet
321 3426 412 3474 assuta
439 3430 497 3477 erat
519 3422 626 3493 lunula,
655 3424 729 3498 quod
756 3422 861 3497 pridem
886 3422 1004 3480 docuere
1030 3420 1159 3492 hostisue,
1266 3437 1268 3480 1

193 3502 385 3577 hempsterue,
413 3503 557 3562 Salmasius
586 3509 618 3562 ad
639 3507 806 3578 Pollionem,
835 3515 862 3564 et
891 3507 923 3562 ad
951 3506 1160 3579 inscriptionem
