2550 3854
204 188 265 252 156
380 209 385 216 ·
540 184 827 272 Aunorarmnne

202 324 278 399 σίας,
301 320 381 384 οὕτω
404 319 459 402 δὴ
464 319 515 383 nul
538 321 589 400 τῆς
612 313 778 419 ὠμότητος
784 317 837 380 καὶ
856 321 1087 421 μισανθρωπίας
1110 343 1175 398 φοι·

202 406 263 480 νεὶς
285 403 480 512 κληρονόμος,
502 399 576 468 τἰλλὰ
597 406 699 489 πολλῷ
721 399 831 482 ταύτης
851 398 1014 482 ἀλλότριος

266 496 391 570 62,12
421 486 437 555 ὁ
461 488 655 570 Ποτριόρχης
677 467 823 572 Τρύφων]
847 493 932 550 lluius
947 494 1105 551 memoriam
1120 511 1173 552 eo·

201 580 262 640 lunt
285 582 378 640 Graeci
402 584 440 642 19
446 581 542 676 April.
566 588 598 638 ut
620 587 662 636 est
683 580 711 636 io
733 579 860 636 Menaeis.

267 667 321 738 63,
345 667 374 724 8.
402 656 506 733 στόλος
534 658 565 722 δὲ
587 649 736 740 Ρωσιιιὸς]
766 663 1026 738 1λιιιλιριοιιι1οι5,
1051 663 1069 721 6
1097 665 1173 720 hane

201 749 351 807 Russorum
374 751 476 809 cladem
498 749 620 826 pluribus
643 757 744 806 narrat.
776 747 826 816 Qut
849 757 939 805 autem
955 748 1057 810 luerint
1072 747 1168 816 Russi,

202 836 240 892 ita
261 853 323 891 mox
346 834 440 894 doeet:
458 836 535 893 Gens
549 835 692 910 quaedam
708 840 750 891 est
764 835 818 890 sub
832 834 983 907 Aquilonis
996 839 1083 905 porte
1099 849 1171 890 eon-

202 923 318 988 stttnta,
341 938 427 994 qnam
448 923 622 993 equalitate
643 921 778 990 eorporis
794 918 901 977 θνατοί
919 925 1025 975 vocent
1040 918 1171 975 Bessosz

202 1021 255 1062 nos
275 1020 342 1061 vero
363 1023 381 1060 n
399 1008 543 1075 positione
562 1007 621 1060 loci
641 1018 778 1060 vocamus
798 1003 1008 1060 Nordmonnos'.
1050 1003 1165 1075 Lingua

160 1149 168 1162 ,
199 1093 306 1162 quippe
330 1089 486 1146 Teutonum
507 1087 581 1144 Nord
608 1091 721 1217 aquilo,
752 1087 810 1142 llari
833 1093 928 1144 autem
951 1103 1015 1144 mas
1039 1102 1091 1143 seu
1118 1091 1168 1143 eir

202 1175 318 1230 dicitur.

267 1257 323 1329 63,
346 1256 375 1315 4.
405 1249 457 1312 καὶ
485 1245 620 1331 ἐζώγρει,
648 1273 699 1310 ιιοιι
728 1247 920 1329 μοιχαλροις”
902 1271 990 1330 εργον
1013 1248 1166 1333 ἐγένοντο]

202 1340 418 1415 Lluthprandus:
444 1341 552 1398 Graeci
565 1357 632 1398 vero
648 1345 768 1398 victorio
780 1343 873 1410 potiti,
889 1344 966 1398 vivos
981 1355 1079 1397 seeum
1093 1344 1169 1398 mul-

203 1433 247 1482 tos
269 1429 423 1494 ducentes,
453 1425 726 1498 Constantinopolim
746 1429 876 1499 regressi
894 1432 962 1482 sunt
981 1428 1065 1482 loeti:
1094 1443 1170 1498 quos

203 1527 300 1568 omnes
319 1516 349 1568 ιἰι
367 1515 537 1583 praesentio
558 1513 635 1585 regis
657 1509 789 1584 Ηνρονλι
809 1513 918 1581 nuntii,
932 1513 1037 1580 ,vianet
1055 1513 1170 1567 scilieet

202 1599 264 1667 mei,
288 1597 431 1654 decollare·
443 1599 605 1668 proecepit.

267 1680 320 1752 63,
350 1681 400 1738 32.
437 1670 580 1736 Ἰωάννου
612 1675 666 1734 τοῦ
697 1668 869 1754 Κονριιοόα]
904 1677 1011 1734 loannis
1041 1677 1164 1736 Gureuae

199 1771 313 1820 stemma
334 1765 542 1838 perstrinximus
565 1767 594 1820 in
616 1760 732 1819 Familiis
760 1762 913 1840 Byzantinis
943 1771 1009 1819 seot.
1034 1762 1091 1836 22,
1116 1763 1166 1820 Hi·

203 1849 313 1904 storiam
336 1865 400 1904 tero
424 1856 452 1904 et
473 1865 518 1904 res
540 1848 571 1904 ab
594 1865 627 1904 eo
650 1847 789 1921 praeclare
803 1857 896 1922 gestes
912 1853 976 1905 oeto
998 1846 1073 1904 libris
1089 1865 1165 1905 eom·

202 1931 298 2006 plexus
322 1940 363 1988 est
386 1931 492 1988 llanuel
514 1931 754 2005 Protospatlrarius
776 1940 805 1987 et
820 1931 912 2003 ludex,
936 1939 966 1987 ut
982 1932 1075 1989 seribit
1091 1934 1164 1989 iino-

203 2032 300 2108 nymus
322 2015 562 2072 Gombelisienus
555 2033 582 2072 m
604 2017 723 2072 Romano
746 2014 885 2090 Laoapeno
908 2034 936 2074 n.
959 2015 1010 2074 41.
1041 2017 1065 2072 ls
1088 2016 1165 2090 Κρο-

203 2089 274 2166 ιιόος
296 2099 395 2156 dieitur
407 2099 537 2196 Georgia
560 2100 702 2156 llonaoho.

267 2182 318 2256 64,
340 2182 369 2240 4
402 2170 418 2240 ὁ
441 2178 473 2240 δὲ
494 2175 644 2261 βασιλεὺς]
669 2184 722 2239 Has
745 2184 931 2260 eleemosynas
945 2184 1069 2259 pluribus
1091 2203 1165 2242 oom-

203 2276 333 2325 memorat
356 2272 513 2343 anonymus
536 2267 797 2325 Gombelisianusn.
821 2268 862 2324 44
885 2277 913 2326 et
934 2270 1005 2326 idem
1028 2269 1166 2345 Georgius

202 2367 228 2408 n.
253 2352 303 2410 38.
328 2352 378 2410 39.

267 2437 323 2508 64,
346 2437 375 2494 8.
406 2431 458 2492 καὶ
481 2429 644 2514 διαδόσεις]
677 2438 742 2494 lline
769 2437 804 2493 oh
826 2437 1015 2496 liberalitatem
1037 2437 1164 2496 laudatur

196 2521 429 2605 aLiuthprando
459 2521 495 2593 3,
523 2523 557 2580 5:
590 2524 752 2594 imperabat
776 2537 844 2580 vero
870 2523 915 2579 leis
942 2519 1068 2600 (Achivis)
1094 2531 1163 2580 tene

203 2609 338 2679 tempores
353 2610 489 2664 memorio
510 2611 582 2664 sotis
601 2614 628 2664 et
647 2610 734 2664 leude
749 2610 852 2681 dignus
866 2609 1017 2665 Romanus
1031 2607 1162 2681 Impera·

202 2697 257 2762 tor,
280 2691 419 2762 liberalis,
441 2693 595 2762 humanus,
613 2692 761 2765 prudens,
787 2709 823 2748 ae
836 2693 913 2764 pius
958 2693 992 2748 At
1011 2691 1162 2792 Gregorius

201 2776 229 2830 in
251 2774 347 2832 uitaS.
364 2775 481 2831 Basilii
474 2777 588 2832 iunioris
611 2792 638 2831 n.
656 2775 696 2833 24
719 2777 791 2832 1ιοιιο
812 2775 975 2850 perstringit
998 2767 1038 2844 ὡς
1059 2790 1162 2849 χροσο·

201 2855 298 2932 μονῇ,
321 2853 372 2914 καὶ
394 2856 573 2933 anteeant,
602 2847 707 2914 stul
675 2879 726 2928 τοις
751 2879 810 2916 των
832 2856 920 2918 λίτοιν
948 2856 1163 2937 διαφθείροντα
1231 2851 1232 2854 “
1257 2927 1258 2934 ¹

201 2937 384 3018 θυγατέρος,
407 2943 470 3002 lieet
492 2951 598 3002 caetera
621 2954 694 3002 esset
716 2931 931 3019 φιλομόναχος,
961 2946 1034 3020 quotl
1056 2954 1161 3021 postre-

202 3043 274 3084 mum
297 3036 414 3085 testatur
436 3028 570 3102 Georgius
593 3027 739 3088 Monachus
762 3047 790 3086 n.
814 3029 866 3087 58.

266 3108 439 3208 Βασιλῐνος]
463 3107 752 3215 Porphyrogenitlsn.
770 3113 810 3171 25
833 3115 1035 3183 Βασιλιιιινος.

266 3195 360 3269 65,.8
394 3187 475 3266 ὅπως
496 3191 551 3271 μὲν
572 3186 643 3275 oen]
671 3198 706 3256 Ut
727 3199 864 3256 Romanus
886 3216 900 3256 a
923 3199 1000 3266 filiis,
1024 3200 1162 3276 deinceps·
1257 3241 1258 3276 ,

202 3297 254 3355 que
281 3280 329 3338 fini
355 3299 370 3338 a
396 3283 635 3358 Porphyrogenito
665 3291 775 3358 seeptro
809 3286 882 3340 exuti
914 3287 941 3340 in
972 3285 1161 3342 lionasterium
1257 3279 1258 3310 ¹

200 3368 274 3422 tonsi
296 3367 409 3440 relegati
431 3367 541 3438 tuerint,
563 3367 687 3442 pluribus
710 3375 800 3424 narrat
822 3369 1023 3466 Linthprandus
1046 3370 1076 3441 5,
1100 3369 1128 3426 9.

265 3450 320 3521 65,
345 3449 395 3508 23.
431 3439 471 3505 δι’
496 3445 611 3527 ἑτέρους
633 3445 823 3531 ἐπεγείρει
794 3449 836 3506 τώ
859 3447 948 3528 ιτατρλ
973 3469 1042 3522 τους
1065 3411 1159 3572 aloia]
