2548 3850
484 234 534 285 AD
552 233 636 286 VOL.
655 233 691 288 11.
1033 233 1071 296 17

107 381 215 432 eoteno'
233 389 343 446 aurea,
367 376 407 430 ad
423 373 508 447 fores
529 373 664 446 Capitolii
682 377 854 444 constitisse,
876 375 959 447 eique
974 374 1071 432 Ionem

104 463 251 533 ttopeitnm
267 459 436 515 tradidisse:
458 459 525 516 tuine
540 462 677 531 suspicor
695 461 846 532 Inpendam
861 474 919 516 noa
934 454 1070 530 μυσιιζό-

105 560 206 617 μενον,
229 545 282 601 sed
294 543 423 619 μα’σιιγα
438 535 682 618 ἕγχειριζόμενον,
704 545 762 600 nisi
777 543 859 615 forte
873 539 1021 616 μαστίζειν
1043 547 1074 602 id

107 643 133 685 m
156 630 322 786 339381ἳο816.
354 705 538 784 δημαρχῆσαι
566 706 621 786 μὲν
603 706 849 789 νέιιεχείρησεν]
885 711 924 768 ita
950 730 1017 772 mss.
1046 721 1073 770 at

105 795 222 854 Wolflus
250 797 396 872 tegendum
419 797 545 854 censebat
571 793 788 874 δημηγορῆσαι.
832 797 963 872 Sequitur
990 799 1072 869 enim,

12 891 13 894 ’
106 878 147 948 εἰς
169 868 222 936 τὸν
245 877 343 954 δημυν
364 876 513 955 εἰσαχθεὶς
524 874 739 984 ἕδημηγόρησέ
760 900 801 950 τε,
825 891 875 940 etc.

169 965 242 1034 388,
265 964 294 1025 4.
325 963 420 1022 καίτοι
442 965 494 1038 τῆς
516 955 609 1040 ἀρχῆς
624 961 750 1042 ὕστερον
771 955 831 1023 ὑπὸ
853 984 906 1024 του
895 963 1073 1040 Καίσαρος

105 1045 280 1126 στερηθεὶς]
315 1051 364 1108 Ubi
395 1051 528 1108 Woifius·
562 1053 661 1125 Supra
692 1057 922 1112 commemoravit
952 1053 1074 1110 Sextum

107 1137 273 1225 Pompeiam
288 1155 306 1192 a
324 1136 452 1194 Caesare
464 1137 585 1195 Consule
599 1143 796 1211 proscriptam
811 1154 883 1195 esse
914 1137 972 1194 Ant
987 1141 1075 1212 ipitar

106 1210 266 1321 πρόιερσν
272 1222 422 1294 tependnm
441 1240 499 1294 pro
521 1210 659 1290 ὕστερον,
683 1230 735 1280 ant
749 1227 888 1296 scriptori
907 1225 1006 1279 dando
1027 1238 1073 1280 oe-

106 1310 156 1362 nid
175 1303 228 1377 της
249 1294 386 1379 ιιιαξίας,
407 1325 493 1379 quam
515 1311 671 1381 aliquando
693 1311 842 1366 uarietatis
864 1314 892 1364 et
907 1311 1074 1365 attentionis

106 1391 260 1464 affectant.
305 1390 378 1446 idem
399 1407 497 1484 porro
511 1395 611 1466 repetit
632 1392 703 1448 inira
730 1409 754 1452 o
779 1391 818 1447 21
849 1377 865 1445 ὁ
870 1381 947 1485 γὰρ
969 1385 1075 1461 Σέξτος

45 1522 47 1526 .
105 1473 158 1546 της
179 1466 289 1548 ἀρχῆς,
311 1458 348 1547 ἧς
370 1463 457 1548 εἶχεν,
480 1462 539 1532 u‘rnd
563 1479 620 1534 τοῦ
641 1473 702 1531 Καί
701 1488 791 1548 σαρυς
812 1463 919 1547 πρώην
940 1476 1074 1548 παραλυ-

107 1553 189 1626 seta,
212 1567 264 1615 eto.

172 1643 249 1715 388,
272 1643 323 1702 26.
357 1633 501 1720 perperna]
531 1645 591 1700 Non
613 1644 714 1700 desunt
736 1643 783 1718 qui
802 1639 915 1716 χρυσῆν
936 1658 1074 1736 reponen-

12 1723 14 1752 ²
109 1729 174 1785 dum
196 1736 303 1802 putant.
322 1715 464 1784 Zonaras
490 1730 534 1830 pit
551 1729 726 1785 Commodum
756 1730 926 1821 praecepisse
954 1717 1007 1781 τὸν
1029 1723 1075 1782 υἰ-

109 1817 175 1870 riva
196 1805 249 1868 ιόν
271 1829 326 1866 και
333 1798 497 1870 ’uvaia’
481 1805 534 1869 αρ’
559 1803 653 1870 αὐτοῦ
676 1817 807 1886 χρυσοῦν
830 1799 1038 1886 ὀνομάζεσθαι.

12 1949 14 1970 ,
177 1897 252 1968 392,
276 1895 304 1953 8.
335 1889 474 1975 Ξάνθον]
498 1899 562 1954 Vide
585 1909 694 1973 praeter
716 1898 867 1956 Dionem!
891 1897 932 1955 47
959 1906 988 1956 et
1009 1897 1076 1954 alios

12 1971 14 2054 i
107 1981 243 2038 Romanae
259 1981 395 2039 Historiae
409 1985 569 2057 scriptores,
591 1983 754 2040 Philonem
746 1999 773 2040 m
789 1983 836 2042 lib
851 1973 896 2038 ὅτι
910 1980 970 2050 noir
985 1996 1076 2039 enou-

109 2062 203 2132 δαῖος
227 2075 280 2124 ete.
305 2083 333 2167 p.
357 2067 427 2126 605.
451 2069 516 2126 edit.
539 2068 667 2124 Turnebi.

12 2149 14 2174 ¹
174 2136 242 2205 ἀλλ’
265 2139 324 2207 ἀνὰ
353 2140 422 2250 defo]
460 2152 526 2208 Vide
548 2152 631 2212 Henr.
655 2151 752 2208 Vatesii
775 2150 922 2224 Epistolam
945 2152 978 2208 de
1000 2151 1076 2210 Lxx

12 2249 13 2252 ’
108 2237 289 2310 interpretum
316 2238 456 2307 versione,
491 2235 626 2293 subditam
654 2235 761 2292 Eusebii
787 2237 921 2292 Historiae
947 2235 1077 2292 Ecclesia-

108 2323 250 2476 mfflgit'i,
274 2404 324 2462 12.
352 2397 405 2460 nai
428 2395 596 2480 πατρόθεν]
621 2403 662 2459 lta
683 2403 754 2477 apud
776 2410 888 2459 nostros
909 2404 937 2458 in
959 2403 1078 2460 elamore

12 2491 13 2532 ἲ
110 2488 220 2545 militari
242 2491 379 2563 copiarum
403 2488 485 2544 duces
508 2505 607 2544 nomen
632 2504 712 2542 suum
740 2487 883 2544 inclamare
910 2487 1007 2544 solitos
1029 2487 1078 2544 do·
1163 2506 1167 2512 ·

109 2575 215 2631 ouimus
236 2574 265 2630 in
288 2573 425 2629 Dissertat.
450 2571 483 2628 ad
506 2572 660 2628 ioinuiilam.

12 2707 14 2736 ρ
176 2656 249 2731 398,
273 2659 301 2715 6.
332 2641 502 2733 ὦυλάμου]
525 2657 581 2713 Hos
603 2673 697 2714 versus
720 2655 802 2731 paulo
824 2656 904 2713 aliter
924 2657 990 2713 oitat
1010 2655 1079 2712 Dion

111 2741 234 2799 editusi
264 2741 306 2799 47
329 2749 398 2799 eutr.

200 2845 224 2882 os
244 2827 356 2900 τλῆμον
375 2811 485 2920 ἀρετὴ,
508 2816 638 2920 λόγιις”
605 2843 657 2923 αρ
693 2802 783 2899 ησθ’·
807 2810 864 2900 ἐγω
888 2819 921 2883 di
940 2836 972 2880 σε

198 2902 238 2978 ὦς
260 2899 388 2987 ἔργον”
369 2923 498 2984 ησκυυν·
525 2898 657 2966 osid'’‘
637 2929 675 2982 αρ
680 2899 923 2978 ’ἕδουλευες’
887 2928 970 2990 τυχη.

113 2997 179 3052 Vide
201 2997 377 3054 Plutarchum
400 2995 434 3052 de
456 2997 657 3090 Superstitiune
679 2995 730 3051 sub
752 2995 869 3052 initium.

177 3080 250 3153 419,
274 3080 324 3139 28.
353 3075 459 3183 ἔδησεν
480 3067 571 3136 αὐτὸν
588 3070 730 3136 ἁλυσεσιν
744 3067 901 3179 ἀργυραῖς]
926 3081 1002 3137 Alter
1016 3079 1078 3137 cod.
1097 3077 1131 3124 21

13 3159 14 3162 ¹
112 3111 219 3222 Wolfii:
243 3160 347 3238 ἔδησεν
369 3157 461 3222 αὐτὸν
482 3155 601 3221 dioneos
622 3159 758 3236 σιδηραῖς
778 3152 1044 3240 ἢᾶληθέστερσυ’
1027 3182 1079 3237 αρ-

112 3268 230 3324 γυρυις.
275 3249 348 3320 Quae
371 3251 479 3324 quidem
501 3249 535 3306 de
556 3249 660 3324 perfida
681 3252 792 3309 Antonii
814 3249 975 3308 liberalitate
996 3252 1080 3306 inter·

112 3335 327 3490 Ρωιῗῖιέἷοῗὲ.
356 3413 425 3487 τούς
448 3412 480 3476 δὲ
502 3421 561 3475 νῦν
583 3414 715 3492 βασιλεῖς
733 3411 894 3500 Ῥωμαίων]
920 3420 975 3486 ¹Hio
996 3433 1080 3491 porro

12 3511 13 3514 ’
114 3507 201 3580 serpit
222 3505 339 3562 Zonaras
363 3505 541 3580 imperatores
563 3511 592 3561 et
607 3504 723 3562 Graecos
744 3507 788 3561 sui
810 3507 878 3575 aevi,
902 3504 950 3578 qui
971 3501 1082 3557 dimisso

147 3617 272 3654 nonanus
287 3617 327 3654 su.
912 3602 929 3650 2
