2548 3850
152 181 195 246 30
499 180 782 233 nnsornrronns

154 281 230 380 λακα
253 313 366 394 ταύτην
392 311 686 397 ἐπιγραφόμεθα,”
654 338 680 376 ει
696 339 729 396 ps
752 313 808 394 τὴν
829 311 1014 422 σωτηρίαν
996 318 1090 396 ημῶν
1107 311 1123 378 ὁ

155 397 275 480 Οδιίλης
298 398 575 509 ἐπραγματεύσατο·
600 400 699 462 ἔκτοτε
720 406 785 474 ταῖς
807 401 867 462 τῶν
882 393 1012 481 δστὲρων
1027 424 1125 483 καρα-

153 485 338 566 σημειαὶσεσι.
368 479 471 590 μὴ
433 509 491 548 cuv
506 477 646 570 ἐάσης
629 487 707 565 ημᾶς
729 484 779 546 ἐπὶ
807 489 950 548 τοσοῦτον
973 485 1123 568 διαπορεῖ-

153 577 245 652 σθαι,
267 569 318 633 καὶ
341 567 441 673 λόγοις
458 569 544 650 ἐμοῖς
567 567 829 648 διαταράττεσθαι,
854 584 907 634 etc.

219 661 290 734 180,
313 661 364 719 27.
394 649 535 734 ηέκεῐνα
557 653 725 738 νομιστέον]
759 660 802 717 Sic
825 661 904 716 etiam
925 659 1122 734 Imperatorum

153 705 515 844 Constantinopolitanorum
543 761 608 802 snae
637 745 733 802 aetatis
761 744 932 819 tyrannidem
960 746 1122 834 perstringit

152 831 303 888 hrethas
295 847 323 886 tn
345 831 526 906 Apocalypsin
547 849 608 922 cap.
624 829 673 886 52.
703 825 833 886 λείπεται
840 817 980 924 Ηὲτέοδν
935 821 1026 928 ἑτέρῳ,
1045 817 1120 886 ὑπο-

155 931 239 970 voeav
259 911 429 990 Βαβυλῶνα
451 909 582 972 εἰκότιλ
566 903 660 1010 ipypt
683 907 734 969 και
757 902 849 982 τίς
815 903 907 989 αδτη;
929 905 987 970 οὐκ
1004 887 1124 987 δλληῆ

152 985 434 1093 ἡΚιονσταντίνον,
458 982 532 1056 ἐν
496 1021 532 1102 η
553 992 645 1056 πάλαι
669 990 845 1071 δικαιοσύνη
868 991 1043 1073 ἐκοσμήθη
1064 994 1122 1054 νῦν

155 1076 187 1140 δὲ
210 1077 241 1138 ἐν
263 1069 340 1182 αὕτη
362 1078 521 1156 proventui,
548 1079 580 1140 ἐκ
602 1079 791 1158 παραλληλον
812 1075 956 1160 ἁμίλλης,
984 1088 1046 1141 suiv
1066 1099 1122 1139 πο-

152 1165 275 1224 λιτικῶν
289 1169 352 1262 τρῖς
365 1162 619 1242 ἐκκλησιαστικαῖς
636 1162 818 1242 ἐξισωθῆναι
820 1161 1072 1269 σπενδόντων,
1047 1165 1121 1242 μᾶλ-

154 1251 207 1309 λον
228 1247 261 1311 δὲ
282 1241 339 1310 οὐκ
361 1249 528 1329 ἰσωθῆναι,
556 1249 584 1310 ί
556 1271 644 1328 μη
666 1272 711 1322 τις
739 1248 768 1324 ἐξ
789 1245 892 1311 αὐτων
913 1270 973 1330 αρη
999 1269 1032 1309 το
1054 1243 1121 1328 ἄρι-

153 1338 310 1440 σιτῑρν,ε
297 1333 338 1408 είς
365 1337 485 1435 μείζονα
512 1334 602 1396 θείου
629 1335 733 1433 θαμομ
760 1328 885 1410 δναψιν.
931 1337 964 1396 Et
993 1355 1051 1412 cap.
1081 1337 1123 1394 54

153 1416 263 1520 μητέρα
285 1417 317 1481 δὲ
339 1422 400 1482 τῶν
422 1421 545 1519 πορνῶν
567 1413 721 1520 καλρῖν,
701 1441 741 1496 ην
761 1443 800 1479 αν
821 1413 917 1520 βοδλη
937 1413 1039 1492 πάλιν,
1062 1417 1122 1477 εἴτε

153 1525 209 1581 την
231 1496 363 1564 παλαιαν
377 1499 506 1611 Ῥώμην,
529 1505 588 1566 εἴτε
609 1497 666 1583 τὴν
687 1503 768 1603 νέαν,
792 1501 851 1564 εἴτε
874 1479 927 1562 τδν
942 1495 1048 1580 καιρὸν
1070 1505 1124 1579 τῆς

153 1586 310 1668 ἐπιδημίας
336 1591 390 1652 τοῦ
414 1585 633 1690 Ἀντιχρίστρυ,
661 1585 717 1692 pain
739 1611 777 1650 αν
799 1582 942 1666 ἁμάρτοις
969 1595 1023 1648 son
1034 1581 1122 1685 ἄλη-

152 1674 246 1774 θρῦς,
270 1671 387 1735 διότι’
368 1669 536 1756 αμφότεραι
558 1667 590 1736 τὸ
613 1671 721 1757 κράτος
743 1669 921 1749 ἀνεδέξαντο
942 1673 1003 1734 τῶν
1023 1663 1122 1733 δλλοιν

153 1754 277 1821 πόλεων.

219 1848 296 1918 181,
320 1847 370 1906 20
408 1842 507 1924 Δίων]
537 1847 618 1905 Cuius
645 1847 727 1906 verita
749 1846 954 1922 expendimus
947 1863 976 1902 tn
1000 1845 1121 1920 Byzantii

152 1889 346 2005 desmiptidne

218 2014 291 2088 181,
315 2013 365 2072 22.
395 2003 514 2093 θώραξ]
537 2015 677 2073 ldurorum
698 2016 799 2089 lorica,
821 2017 905 2092 vulgo
928 2019 1058 2088 cortino,
1081 2024 1122 2072 at·

87 2157 89 2163 ,
153 2116 207 2174 que
228 2101 268 2157 sic
290 2099 499 2173 emendavimus,
523 2101 569 2158 uhi
590 2099 708 2157 Wolfius
728 2101 816 2174 frons
837 2109 965 2158 verterat.

217 2183 295 2258 182,
319 2184 369 2242 24.
398 2175 637 2257 ηκατέστριοται
660 2181 792 2252 λιθίναις
814 2179 935 2284 πλαξὶν]
970 2183 1046 2241 Unde
1066 2172 1122 2258 φό-

152 2285 206 2340 ρον
227 2227 421 2345 πλακοδματος
448 2280 527 2328 vocat
548 2271 717 2346 Nicephorns
739 2269 920 2345 Presbyter'
912 2287 941 2326 ru
968 2271 1023 2326 vita
1049 2285 1119 2326 non·

152 2354 216 2410 dum
239 2355 312 2412 edita
339 2355 367 2413 S.
390 2355 514 2413 Andreae
541 2365 655 2432 propter
680 2353 818 2412 Christum
846 2354 912 2412 Sali.
957 2353 1023 2410 Vide
1050 2369 1121 2427 puae

151 2448 310 2496 annotamus
339 2441 367 2496 in
393 2449 489 2498 nostra
515 2439 751 2514 Constantinopoli
780 2438 826 2496 lib.
858 2441 874 2498 1
907 2438 940 2496 de
966 2439 1020 2496 hcc
1047 2436 1120 2494 roro

153 2522 334 2580 Constantini.

217 2607 294 2679 182,
318 2607 368 2665 32.
399 2605 441 2677 είς
469 2605 579 2666 οἰκεῖον
605 2600 698 2681 ὄνομα
725 2597 760 2664 τὸ
786 2595 913 2684 ἄγαλμα
933 2601 1048 2683 ἔστησε]
1083 2605 1121 2664 lle

149 2689 344 2765 Porphyretica
366 2694 503 2766 columna,
534 2704 562 2752 et
583 2701 672 2751 statua
700 2692 725 2749 ei
748 2694 891 2768 imposita,
916 2692 1040 2768 plurihus
1063 2693 1120 2764 egi·

151 2791 211 2830 mus
234 2776 262 2831 in
284 2776 360 2833 Notis
390 2779 424 2835 ad
445 2778 599 2834 hlexiadem
627 2797 655 2852 p.
680 2777 742 2836 382
772 2786 799 2834 et
827 2780 855 2835 in
883 2773 1120 2848 Constantinopoli

151 2858 252 2917 Christ.
274 2859 322 2916 lib.
348 2862 374 2918 1.
403 2871 471 2920 sect.
496 2862 546 2919 24.
575 2879 602 2918 n.
626 2862 655 2920 6.
699 2862 769 2918 lllnd
792 2863 921 2919 duntaxat
949 2862 993 2917 hic
1020 2859 1119 2916 addere

150 2943 225 3014 licet,
248 2944 419 3019 anonymum
441 2947 475 3003 de
496 2947 655 3004 Inventione
678 2947 706 3002 S.
728 2945 832 3018 Crucis,
856 2947 927 3020 apud
950 2945 1119 3014 Crumerum,

151 3025 270 3084 scrihere
296 3046 310 3084 a
331 3028 458 3088 Romanis
485 3032 554 3090 hanc
575 3040 691 3088 statuam
715 3030 864 3087 conlectam
892 3039 920 3086 et
942 3038 1061 3086 erectam
1083 3026 1119 3084 ob

151 3113 223 3168 cives
244 3110 374 3171 liberatos
400 3133 414 3171 a
436 3116 578 3190 tyrannide
605 3115 768 3186 Maximiani,
797 3115 915 3188 hincque
942 3112 1119 3188 postmodum

151 3196 265 3270 abipso
288 3197 466 3256 Constantino
495 3201 652 3258 translatam
678 3198 951 3297 Constantinopplim.
994 3199 1033 3254 lta
1061 3195 1118 3268 ille,

152 3280 197 3338 ubi
220 3280 356 3380 depictis
379 3283 537 3341 Dominicis.
548 3301 634 3386 τρνς
657 3279 688 3341 δὲ
710 3277 826 3384 ἐτέρους
849 3275 902 3340 δύο
925 3275 956 3338 ἐν
972 3301 1008 3362 τη
995 3275 1121 3358 στήλη

151 3354 289 3438 ἐθετο,“
271 3383 310 3440 ην
332 3362 365 3422 ol
380 3358 556 3439 ‘Populos‘
539 3363 615 3445 νπὲρ
637 3387 689 3444 της
704 3361 765 3426 dnn
755 3356 979 3442 Μαξιμιιινον
1001 3363 1054 3422 τοῦ
1069 3382 1120 3419 τν-

151 3443 264 3527 ραννοο
292 3445 461 3528 ἐλευθερίας
486 3451 528 3531 spi
555 3451 773 3534 Kmucsuualvpo
801 3447 957 3527 ἐποίησαν·
989 3446 1040 3508 και
1060 3437 1119 3525 γὰρ
