2532 3844
334 844 337 849 ,
464 745 795 829 rnnnunulo.

585 919 670 931 *-
687 921 691 931 t

212 1021 332 1086 ioannis
347 1021 479 1086 Zonaras
495 1021 624 1087 Annales
643 1021 746 1087 uuordo
760 1024 917 1104 compositi
933 1021 1112 1088 duodecimo

147 1095 356 1186 cinidoniam
378 1106 483 1170 mindi
507 1106 548 1170 ab
569 1109 782 1190 antiquissimis
810 1107 995 1190 temporibus
1016 1124 1111 1188 usque

148 1191 185 1254 ad
199 1189 302 1253 'ttoni
324 1191 469 1256 comneni
496 1194 688 1274 imperatoris
709 1192 823 1258 obitum
850 1193 1000 1274 complexi
1019 1211 1113 1274 quum

147 1275 249 1358 plures
260 1293 349 1357 quum
365 1276 561 1352 merebantur
575 1277 703 1344 haeres
720 1277 864 1342 babuisse
883 1279 1044 1351 videantur,
1062 1295 1112 1340 cc·

147 1359 266 1426 dicibus
288 1378 348 1422 non
375 1364 480 1444 paucis
506 1371 577 1428 aunt
604 1365 777 1444 propagati,
803 1363 840 1426 de
867 1363 975 1444 qrribue
997 1363 1117 1426 dictum.

148 1453 195 1510 cst
215 1447 246 1508 in
266 1445 503 1512 Praefatiottibue
517 1447 664 1520 editorum
686 1450 786 1529 primo
804 1449 894 1512 huius
908 1448 1048 1510 editionis
1062 1464 1113 1508 ro-

146 1531 253 1594 lumini
275 1532 456 1611 praemissis
499 1533 614 1596 Horum
642 1533 780 1598 codicum
808 1532 859 1597 alii
880 1539 995 1596 tartum
1022 1530 1114 1594 talem
1144 1556 1148 1562 ¹

147 1617 213 1678 iere
235 1613 378 1686 exhibent
398 1614 516 1698 qualem
538 1615 576 1680 ab
599 1617 713 1682 Zonaca
734 1618 879 1698 scriptum
898 1617 993 1680 iuieee
1015 1616 1112 1680 credi-

150 1699 209 1764 bile
232 1707 287 1771 est
308 1699 360 1762 aiii
375 1701 553 1766 novitiorum
567 1701 815 1782 interpoiatorum
837 1701 1047 1768 incredibilem
1061 1719 1111 1764 cx·

147 1786 227 1866 perti
254 1792 326 1850 sunt
352 1787 564 1858 temeritatem,
595 1790 645 1868 uui
668 1788 799 1852 Zonarao
822 1785 911 1850 rerba
938 1788 1113 1868 saepissimo

149 1871 213 1933 suis
235 1869 454 1950 ampificarunt
474 1870 683 1936 additamentis
711 1871 758 1934 ret
778 1872 816 1936 ad
844 1871 1001 1937 arbitrium
1027 1889 1113 1934 suum

146 1957 345 2028 refluxerunt,
381 1955 445 2020 sole
472 1957 556 2020 ducti
582 1961 749 2040 scripturae
781 1957 942 2030 mutandae
969 1957 1112 2022 libidine:

147 2038 229 2102 unde
251 2039 357 2119 ingens
385 2048 451 2102 outa
479 2045 715 2124 conscriptores
735 2042 871 2108 divorsae
898 2042 998 2122 copia,
1028 2043 1113 2104 eume

147 2125 312 2204 specimina
326 2125 364 2188 ti
375 2124 498 2190 Weidus
517 2133 547 2192 et
558 2126 728 2208 Ducangins
745 2129 776 2192 in
790 2126 1036 2195 annotationibus
1050 2125 1112 2188 cdi·

11 2271 13 2276 ,
148 2208 276 2280 demut,
298 2210 350 2273 sed
368 2228 457 2291 quam
473 2213 621 2291 integram
637 2231 673 2276 cx
689 2212 843 2276 codicibus
857 2211 998 2276 omuibus
1011 2207 1113 2288 colligi

147 2296 181 2356 in
198 2292 250 2355 tali
271 2295 419 2376 scriptore
433 2313 522 2360 nemo
538 2296 625 2360 iaciie
641 2304 769 2378 expetet
793 2315 870 2376 quoe
887 2300 946 2361 ism
963 2297 998 2360 it.
1015 2293 1113 2358 Woidi

146 2380 295 2446 scatentia
316 2380 381 2451 ruit,
403 2383 490 2456 onius
505 2400 532 2444 r.
551 2383 678 2446 Praeint
696 2380 751 2444 roi
769 2379 786 2442 1
803 2399 834 2461 p.
848 2379 967 2447 XXXil.
1001 2379 1112 2452 Quam·

148 2461 256 2526 obrem
272 2481 332 2526 nos
353 2467 429 2528 satis
442 2465 601 2531 habuimus
615 2467 763 2531 volumino
779 2467 885 2544 quinto
898 2466 1029 2530 duorum
1042 2482 1114 2546 pre·

145 2549 283 2632 posru'ssc
306 2552 486 2629 optimorum
509 2551 647 2616 codicum
668 2551 820 2614 lectiones
838 2557 919 2614 tanta
936 2549 1119 2616 collaturum

147 2633 303 2712 diligentia
327 2643 435 2714 prante
458 2637 593 2716 priorum
617 2637 764 2700 editorum
791 2637 823 2698 in
845 2635 904 2710 boc
926 2651 1038 2713 uonna
1059 2652 1114 2696 no·

147 2714 291 2798 giigentia
323 2721 388 2784 init.
434 2719 547 2784 Eorum
579 2723 662 2800 prior
690 2729 738 2795 est
763 2721 951 2788 Monacensis
980 2739 1011 2784 n.
1039 2714 1114 2784 324.

17 2863 21 2869 ,
149 2803 350 2883 bombycinus
377 2803 517 2868 foliorum
546 2807 658 2870 formae
684 2807 833 2872 maximae
860 2803 943 2882 553,
974 2805 1046 2868 otim
1076 2803 1115 2876 ab

147 2887 185 2950 Η.
209 2885 314 2954 Woitio
336 2893 500 2971 inspectus.
529 2891 648 2972 dequo
673 2910 700 2956 v.
723 2891 849 2964 Prseiat.
878 2889 936 2957 roi.
962 2889 978 2952 l
1007 2885 1114 2971 pli:

150 2970 297 3041 altercat
317 2977 455 3056 egregius
477 2976 580 3040 codem
593 2977 749 3040 Parisinus
764 2973 856 3048 1715.
878 2983 947 3056 posi
969 2975 1113 3057 Ducccmi

54 3112 56 3116 ,
150 3058 273 3124 demum
295 3068 435 3142 tempora
453 3059 651 3127 bibliothecae
667 3063 768 3141 regiae
782 3060 891 3134 iliacus,
913 3061 1121 3140 micantem.

146 3144 181 3204 in
196 3143 269 3206 locis
280 3163 382 3212 veram
396 3146 575 3226 scripturam
590 3147 673 3211 solus
685 3143 773 3208 uobis
787 3143 936 3225 praebuit.
959 3144 1014 3208 Est
1028 3143 1114 3208 bom·

150 3227 279 3306 bucinus
302 3228 443 3294 foliorum
469 3229 585 3294 formae
606 3232 753 3296 mariotae
775 3225 859 3304 tit„
879 3231 1009 3310 seruitus
1035 3247 1116 3294 anuo

148 3309 220 3374 Gbr.
246 3309 329 3380 1289
351 3315 517 3378 secundum
537 3315 804 3396 subscrmtioncm:
827 3334 854 3376 r.
868 3314 997 3388 Proeiat.
1020 3315 1078 3379 rol.
1096 3313 1113 3372 1

106 3453 113 3462 .
147 3413 181 3476 p.
197 3395 244 3459 lli.
267 3397 314 3460 lV.
359 3399 414 3462 Hie
434 3398 553 3463 duobus
574 3400 668 3480 igitur
682 3399 836 3464 codicibus
858 3418 908 3463 res
928 3416 1024 3478 prope
1042 3412 1114 3456 con·

148 3479 229 3543 iccta
252 3481 357 3546 baberi
381 3492 491 3564 potest:
520 3487 622 3567 siqui
648 3493 747 3547 tamon
775 3483 949 3564 ampliorem
977 3479 1008 3541 in
1032 3477 1113 3540 codi-

563 3615 565 3618 .
873 3585 913 3634 ι.
