2548 3850
537 157 819 212 ANNOTATIONES

280 293 354 375 πρὸς
375 295 429 354 τοῦ
451 295 630 372 κρατοῦντος
653 295 951 399 Πρωτοβεστιαρίου,
1004 356 1006 360 ,

282 377 401 478 έηεῖθεν
424 376 518 439 έλκτον
540 377 695 460 πατρόθεν
718 379 769 438 καὶ
791 374 946 482 μητρόθεν

281 456 313 525 τὸ
336 473 391 526 τοῦ
412 462 517 544 γένους
539 463 665 544 ρίζοιμα,
689 461 740 522 καί
763 465 863 522 πᾶσαν
885 459 988 546 χοίριν,

281 543 357 610 ὅθεν
379 552 510 648 κατῆγον
533 546 584 608 καλ
606 553 704 653 γονεῖς
713 545 791 692 έμολ
813 545 908 650 γένος.

280 627 446 738 ἀδελφιδῆς
468 623 495 692 5’
520 626 562 710 ἦν
584 622 672 705 οότος
692 656 711 692 υ
713 622 756 740 555
778 637 831 693 τοῦ
855 625 960 693 Δοόκα

280 711 408 792 όνακτος
427 712 587 794 Ἰαόννον,
610 719 662 777 τοῦ
684 715 735 816 καὶ
759 715 906 818 Βατότζη.

261 807 413 881 209,15.
449 802 634 864 Καλλινίκου
662 799 809 882 μάρτυρος
842 794 924 880 Ἀριε
926 801 1009 883 μίαν]
1043 805 1077 862 Ut
1106 815 1168 864 ium

196 894 314 968 primum
336 899 463 967 repertae
487 893 541 948 sint
564 891 610 952 SS.
628 892 750 947 Andreae
773 901 800 948 ει
815 891 902 949 Lucae
925 891 1067 965 reliquiae,
1091 893 1166 948 etin

195 977 291 1034 urbem
314 977 423 1047 allatae
453 977 490 1032 ita
511 984 603 1032 narret
624 978 742 1050 scriptor
764 978 834 1032 vitae
857 975 1027 1032 eiusdemS
1050 976 1166 1033 Artemii
1265 971 1267 976 ’

194 1061 329 1119 ineditus:
360 1053 455 1129 ὡςδὲ
477 1053 509 1115 ἐν
529 1049 682 1158 Ὀόρυσοῖς
704 1051 845 1154 ἐτόγχαηε
869 1077 998 1154 γεγονως
1021 1059 1166 1154 (Constan-

195 1145 279 1218 iius),
305 1138 382 1201 ἔνθα
404 1135 493 1200 πόλιν
515 1141 617 1212 κτίσας
635 1132 828 1220 Ἀδριανός
815 1163 830 1200 ο
854 1133 994 1220 βασιλευς
1016 1131 1070 1219 την
1093 1139 1163 1200 ἕαυ-

196 1225 249 1286 τοῦ
277 1223 467 1286 καταλέλοιπε
494 1226 538 1309 τῷ
567 1221 649 1331 τόπῳ
680 1227 900 1326 προσηγορίαν,
928 1221 1060 1285 ἕπόθετο
1087 1218 1166 1304 πρός

196 1330 276 1382 τινος
299 1311 358 1370 τῶν
381 1288 617 1370 ἘπισκόποοΓ
596 1333 637 1382 οος
663 1301 698 1369 τόι
721 1307 843 1389 στόματα
869 1311 930 1371 τῶν
953 1312 1008 1370 τοῦ
1029 1311 1166 1388 Χριστοῦ

192 1389 379 1455 Ἀποστόλαν
399 1391 538 1472 Ἀνδρέου
560 1415 590 1456 τε
612 1393 662 1455 καλ
683 1399 789 1456 Λουκᾶ
812 1392 844 1454 ἕν
862 1389 968 1476 Ἀχαΐα
988 1392 1166 1472 τεθαμμένα

196 1471 409 1559 τυγχάνουσιν,
440 1475 581 1558 Ἀνδρέου
605 1478 662 1582 μὲν
679 1475 721 1586 ,ἐν
736 1476 903 1581 Πότραις,
933 1480 1043 1538 Λουκᾶ
1071 1477 1103 1540 55
1131 1477 1167 1538 ἐν

199 1563 314 1643 Θήβαις
336 1565 389 1642 τῆς
411 1565 565 1637 Βοιωτίας.
593 1557 632 1637 ὡς
653 1555 710 1624 οὖν
729 1557 883 1709 ἤκουσενἐ
879 1586 895 1624 ο
885 1555 1060 1708 βασιλεὺς,
1070 1565 1164 1624 ταῦτα

196 1645 419 1756 Κηνστοίντιος,
448 1643 531 1727 ἥσθη
558 1670 588 1710 τε
616 1650 658 1731 τῷ
687 1645 764 1732 λόγῳ
791 1647 841 1708 καὶ
869 1646 917 1709 ἐπὶ
944 1645 1020 1748 μέγα
1045 1642 1163 1728 ἐβόησε,

196 1731 247 1792 καὶ
269 1726 344 1813 πρός
365 1729 434 1804 τοὺς
461 1729 614 1814 παρόντας
637 1733 712 1812 ἔφη,
739 1710 888 1794 ίίαλὲοατέ
914 1753 965 1810 μοι
992 1724 1044 1792 τὸν
1072 1733 1166 1809 φίλον

192 1811 360 1896 Ἀρτέμιον
384 1819 438 1877 τοῦ
462 1817 493 1878 55
500 1816 622 1914 ταχέως
643 1816 898 1918 παραγενομένοη,
924 1818 1096 1919 Συγχαίρω
1104 1835 1164 1916 σρι,

197 1901 272 1978 ἐφη,
300 1897 461 1982 ἀνδρῶν’
443 1896 587 1964 απόντοιν
608 1903 832 2010 θεοφιλέστατε.
869 1896 886 1962 ὁ
910 1902 942 1964 55
964 1895 1038 2006 πρός
1058 1893 1163 2010 αηλτόν,

200 1985 255 2046 Καὶ
278 1985 343 2063 εἴης
368 2007 419 2085 μοι
440 1987 565 2068 χαίρων,
596 2011 619 2050 οι
608 1981 779 2086 βασιλεῦ,
810 1978 859 2047 δια
887 1983 1013 2096 παητός,
1042 1986 1092 2047 καί
1120 1985 1163 2088 μή
1266 1993 1267 1996 ’

196 2068 266 2132 ποτέ
288 2087 320 2131 σε
342 2071 403 2132 τόν
425 2075 568 2152 λυπηρόν
594 2095 622 2133 τι
650 2067 864 2180 καταληψοιτο.
899 2071 950 2132 καί
973 2066 988 2132 5
1010 2065 1161 2151 βασιλεός,

196 2159 302 2257 Ζητεῑς
323 2153 357 2216 55
379 2179 405 2217 τι
428 2149 678 2236 χαριέστερον,
653 2181 676 2217 ω
699 2157 752 2233 φίλ
754 2179 795 2218 ων
817 2154 926 2258 όίριστε,
951 2158 1002 2234 τῆς
1024 2157 1084 2218 τῶν
1106 2172 1164 2216 σοι·

196 2235 300 2318 μόνων
326 2241 387 2301 τῶν
415 2245 468 2302 τοῦ
495 2241 628 2318 Χριστοῦ
652 2236 841 2303 Ἀποστόλαν
869 2235 1032 2342 εόρέσεονς,·
1056 2239 1116 2300 Καὶ
1143 2236 1160 2300 5

196 2323 286 2429 μέγας
312 2321 500 2425 Ἀρτέμιος,
510 2329 561 2398 Τίς
589 2323 640 2386 καὶ
662 2324 775 2402 πόθεν,
800 2351 823 2390 ω
814 2317 1032 2401 δέσποτα,
1017 2327 1162 2385 οτοῦτον

197 2403 269 2511 ἡμῖν
292 2405 345 2470 τὸν
366 2401 524 2511 55aavp5v
539 2405 717 2518 φανεραίσας
732 2404 788 2516 την
803 2409 946 2490 τήμερον·
968 2402 1057 2472 Kai‘
1043 2431 1059 2469 ο
1074 2414 1160 2470 Κυν-

196 2489 346 2593 6r5vvtog,
374 2486 464 2594 ὁτῆς
489 2486 671 2598 Ἁχαίας,”
654 2519 729 2574 εφη,
755 2491 987 2596 ’555650505‘
972 2519 988 2558 ο
1012 2496 1069 2554 νῦν
1092 2491 1160 2599 550·

197 2573 292 2658 ρεόων
315 2577 346 2639 ἐν
370 2573 518 2658 Πότραις·
546 2573 744 2658 αλλ’όίπιθε,
768 2572 1031 2683 όηόρῶνόίριστε,
1054 2571 1161 2639 καὶτὸ

195 2685 331 2750 ταχος
304 2661 336 2722 ἐν
358 2659 677 2726 Κωνσταντινουπόλει
699 2686 749 2769 μοι
771 2659 826 2744 τὴν
848 2660 956 2728 τοότου
970 2659 1161 2742 ἆνακομιδην

195 2733 331 2852 ποίησοη.
366 2756 458 2810 ταυτα
476 2745 614 2854 ἆκρόσας
641 2745 722 2830 παρὰ
742 2750 847 2856 βασιλί
849 2775 887 2824 ας
911 2744 926 2811 5
949 2749 1040 2831 μέγας
1059 2745 1162 2852 Ἀρτέ-

196 2853 262 2910 μιος
284 2828 340 2931 τὴν
362 2829 411 2893 ἐπὶ
433 2825 501 2907 τούς
526 2829 720 2908 Ἀποστόλοος
742 2831 817 2898 ὁδὸν
817 2835 1010 2940 ἐπρρεόετο,
1033 2830 1069 2895 τὰ
1091 2827 1158 2895 τοό-

196 2937 255 2977 των
276 2906 530 3018 αἰναηομισόμενος
551 2917 623 3000 ίίγια
645 2923 788 2998 λείψανα·
812 2913 832 2980 55
843 2913 892 3021 55
914 2920 966 2982 καί
988 2916 1066 3000 μόλα
1081 2925 1160 2980 θαυ-

196 2991 355 3078 μασίως’
337 2998 612 3082 ανακομισοίμενος,
645 3004 680 3068 ἐν
707 3007 751 3090 τῷ
773 2998 854 3087 παρὰ
878 3008 932 3066 τοό
953 3006 1163 3066 Κανσταντίοο

196 3081 420 3164 ἐκβόθρανί
420 3087 678 3190 ξοικοόρμηθχέντι
691 3091 772 3175 ναῷ,
802 3088 849 3152 ἐπὶ
872 3093 915 3194 τῷ
937 3090 998 3151 τόν
1020 3081 1160 3194 Ἀποστό-

197 3174 256 3232 λων
279 3166 420 3280 όνόμριτι,
450 3166 532 3252 παρὰ
558 3177 601 3236 τοί
623 3176 678 3238 τοῦ
706 3173 819 3254 πατρὸς
845 3174 931 3261 τόφρα
960 3175 1053 3236 ταῦτα
1074 3171 1158 3234 κατέ-

195 3260 276 3320 θετο.
317 3255 369 3316 καί
396 3255 484 3336 γέρας
513 3279 542 3320 τε
570 3253 654 3342 αότρῖ
680 3261 732 3338 τῆς
743 3238 982 3362 λειτουργίόιρ’
968 3281 985 3320 ο
1011 3250 1161 3339 βασιλεός,

99 3350 102 3356 ’
196 3337 365 3446 5⁸555vwrv
391 3364 454 3404 των
480 3322 683 3423 Ἐπισκόπόον,
715 3367 772 3423 την
793 3347 845 3424 τῆς
867 3342 1017 3426 Αίγόπτου
1037 3341 1161 3426 παρέσχε

191 3418 296 3508 ἆθλόν
