2548 3850
485 180 535 231 AD
553 181 636 236 VOL.
654 181 707 234 ΠΙ.

199 311 236 377 οὗ
257 309 426 396 ψηγμάτων
447 310 582 392 σύστημα
605 317 717 375 λεπτῶν
739 312 884 420 θηράσει,

198 403 312 462 σκευῶν
334 398 367 462 δὲ
388 401 506 500 συχνῶν
527 396 642 498 ἡλίκων
664 400 855 481 χρυσηλάτων

200 486 241 560 ς
200 483 352 548 ταυτό
376 480 567 588 συμρόρημα
580 477 773 587 πάμπλουτον
794 488 893 593 χάριν,

199 569 251 632 καί
272 568 414 670 χρυσέας
421 565 495 629 6
474 593 513 630 αν
535 565 666 643 εὐκλεεῖς
688 563 788 650 σειρός
808 571 922 652 μάθοι,

199 649 339 717 άλλων’
321 646 373 716 απ’
397 643 499 734 άρχῶν
521 655 690 732 συμπλακεί
689 673 741 730 σας
763 657 804 730 είς
825 658 908 736 μίαν,

199 729 272 816 ἐξ
250 763 286 818 ς
307 737 465 818 έμαιωθην
488 763 518 800 τε
540 733 647 800 καὶτὸ
669 750 736 818 φῶς
758 740 861 822 ἔγνων,

111 862 113 868 ν
201 824 297 932 δῶρον
322 824 401 886 Θεοῦ
422 826 552 903 λαχοῦσα
574 832 662 886 τοῦτο
684 826 800 906 μυρίον,

199 909 250 970 καὶ
274 902 412 1010 Θεοδῶρα
433 907 754 1014 συγκατωνομασμένη

199 990 310 1076 πατρὸς
331 986 387 1074 γάρ
408 989 575 1074 ηὖμοίρησα
598 989 750 1098 συντόμως
772 993 886 1074 φράσαι

201 1081 475 1176 Καντοκουζηνῶν
486 1077 518 1139 έκ
540 1078 645 1158 γένους
663 1073 803 1142 Ἰωάννου

199 1165 439 1267 Κομνηνοφυοῦς
460 1153 773 1262 άγγελωνυμρυμέυου,

200 1242 233 1322 ὃς
251 1243 442 1320 Ιωαννάκιος
465 1246 497 1310 ἐκ
514 1242 711 1354 μονοτρόπων

199 1333 303 1410 στολής
324 1328 454 1411 ἐκλήθη,
477 1332 579 1394 πάντα
599 1327 862 1434 συμμεθαρμόσας·

199 1417 399 1498 θυγατριόους
420 1416 453 1480 6
475 1411 589 1490 κλεινός
610 1409 678 1494 ήν’
676 1414 828 1519 Ιωάννου,

197 1505 252 1563 τοῦ
274 1499 410 1579 φῦλον’
392 1499 558 1583 ανάγοντος
580 1501 622 1574 είς
643 1497 713 1577 τούς
730 1469 888 1606 Ἀγγέλους

198 1579 397 1689 άνημμένου
390 1609 420 1648 τε
443 1589 502 1648 τῶν
511 1583 737 1694 Σεβμστῶν
708 1611 742 1649 το
763 1588 883 1668 κράτος,

200 1694 236 1732 ον
257 1695 297 1732 αυ
318 1667 445 1772 προάγει
464 1671 539 1748 πρὸς
561 1670 594 1734 τὸ
618 1675 684 1749 φῶς
709 1669 852 1754 Θεοάῶρα

198 1754 218 1834 ή
242 1748 464 1860 πορφυρανθής
485 1755 623 1855 θυγάτηρ
643 1751 739 1832 Ἀλεξί
737 1779 774 1818 ου

198 1838 452 1919 Κομνηνάνακτος
474 1842 526 1903 τοῦ
548 1841 679 1922 μεγάλου
701 1835 759 1903 σῶν
782 1841 866 1945 δίκη·

110 1987 112 1992 ,
197 1924 295 2030 μήτηρ
319 1924 351 1987 δέ
372 1948 423 2005 μοι
437 1921 584 2034 καύχημα
604 1928 707 1988 πασῶν
729 1927 876 2007 μητέρων,

198 2003 238 2087 6v
259 2005 279 2086 6
302 2003 445 2089 Κομνηνή
468 2010 520 2071 καί
543 2012 769 2112 Παλαιολυγίνα

197 2093 334 2196 εἰρηνική
355 2120 399 2197 τις
422 2090 548 2196 Εἰρήνη
561 2091 761 2242 φερωνόμως,

197 2173 323 2258 όμαιμος
345 2166 420 2241 οὖσα
443 2173 568 2259 Μιχαήλ
589 2179 692 2261 βασιλέ
693 2204 732 2253 ως

199 2259 409 2344 Παλαιολόγου
430 2265 484 2326 τοῦ
506 2269 682 2344 Κομνηνοῦ,
705 2259 814 2342 πλήν’
806 2258 879 2369 όσον

199 2351 305 2451 μείζων
328 2347 428 2432 ἐκείνη
448 2347 563 2451 κόσμος
581 2345 668 2430 όφθη
694 2351 737 2434 τῶ
758 2346 876 2448 κράτει,
936 2379 939 2392 ·

198 2425 219 2512 6
242 2439 304 2495 πᾶν
326 2411 479 2510 έκείνή
448 2457 481 2495 το
503 2430 612 2514 κράτος
638 2435 692 2500 τοῦ
714 2411 870 2535 συγγόνου.

111 2567 112 2570 ι
199 2515 311 2620 ταύτην
333 2524 495 2618 690666606
518 2519 549 2582 έκ
571 2521 677 2598 στολής
698 2515 893 2602 μονοτρόπων

201 2593 241 2678 ῶς
262 2599 397 2705 εὐλογίας
418 2597 503 2679 άξίαν
524 2600 685 2704 Εὐλογίαν

197 2681 326 2764 Ἀλεξίου
349 2680 423 2748 6’
401 2712 442 2768 ην
464 2684 572 2791 ε’γγόνη
593 2694 648 2752 τοῦ
670 2687 813 2749 δεσπότου

201 2767 415 2854 Παλαιολόγων
438 2771 590 2849 κατιόντος
612 2774 645 2836 έκ
649 2773 788 2879 γένους,

199 2858 248 2919 καί
271 2860 443 2962 βασιλίσσης
465 2854 615 2939 Εἰρήνης·
639 2852 658 2938 6
682 2849 709 2918 6
734 2850 775 2920 αὖ
797 2853 888 2919 πάλιν

76 2961 78 2965 ’
198 2941 318 3022 ήνθησε
340 2937 451 3022 πατρὸς
472 2947 602 3024 γνησίως
619 2940 750 3019 Ἀλεξίου

107 3063 108 3070 1
200 3032 336 3128 σκῆπτρα
358 3029 538 3134 μρατοῦντος
560 3027 593 3090 ἐκ
615 3028 726 3126 γένους
742 3029 801 3088 τῶν
818 3019 975 3109 Ἀγγέλων,

198 3108 310 3189 πατρὸς
332 3111 387 3192 μέν
409 3103 467 3175 οὖν
487 3109 600 3214 μητρός
622 3135 652 3176 τε
673 3101 765 3174 ταύτό
785 3133 836 3189 μοι
858 3111 953 3186 κλέος.

200 3199 227 3259 εί
249 3190 278 3258 6'
301 3194 434 3308 ἀτρεκῶς
454 3191 512 3306 χρή
532 3189 636 3259 καί
605 3221 641 3258 τα
662 3192 790 3302 συζύγου
812 3194 915 3276 λέγειν,

202 3275 359 3362 Κομνηνός
381 3276 469 3355 οὗτος
490 3275 530 3364 ἦν
547 3275 653 3344 Ῥαόόλ
673 3276 828 3359 Ἰωάννης,

110 3414 111 3417 ¹
200 3365 347 3471 ρέμνωμα
363 3368 490 3449 όουκῶν,
508 3369 662 3474 Ἄγγελος,
686 3367 893 3449 Πετραλίφας,

200 3444 234 3526 ὃς
255 3448 362 3534 άρετής
384 3453 508 3532 εἴληφεν
522 3444 622 3516 ἆθλον
644 3446 730 3528 άξίαν
