2532 3844
146 204 308 267 coxon
522 215 571 265 AD
589 215 672 268 VOL.
692 215 738 268 IV.

33 420 36 430 A
147 349 248 412 κάλ’
221 373 261 424 εις
282 343 441 430 ἀκροάσεις
464 347 566 410 δικῶν.
589 341 625 410 06
647 343 727 410 πάνυ
798 340 1056 495 4άποφάσεις]
1039 372 1113 411 απο-

149 433 252 517 βάσεις
337 441 356 499 8
386 434 441 496 δύο
464 433 605 538 ἐντεῦθεν
632 437 726 496 ταῦτα
747 429 901 514 μνώμενος
924 433 1034 520 ἐαυτῷ]
1060 433 1113 498 δόο

147 531 242 626 ταγτα
258 519 399 581 ἐντεάθεν
420 515 572 600 μνώμενος
593 513 675 604 αὐτῷ
762 525 800 581 11
825 517 934 583 ἐπίπαν
956 523 1018 581 τών
1040 544 1112 604 χρη-

82 635 85 640 ·
148 605 253 685 μάτων
274 615 314 688 τῇ
336 606 480 690 συλλογὴ]
511 603 621 666 ἐπίπαν
647 609 684 686 τῇ
713 605 777 666 τών
802 599 958 686 χρημάτων
986 610 1115 690 συλλογῇ

152 697 191 755 15
215 691 466 794 καταπονεῖσθαι]
492 691 709 752 ταπεινοῦσθαι
796 697 835 753 18
859 689 980 772 καλ]ε
949 689 989 752 δὲ.

210 774 282 849 200,
305 771 364 838 36
389 767 526 858 λόγος]“
513 798 529 834 ο
553 797 606 844 om
695 779 713 837 6
735 769 901 884 προηεοαν]
917 779 1072 877 προΐεσαν

149 868 189 925 10
210 858 282 939 μετά
306 860 412 940 δώρων
434 853 594 943 ἐσταλκώς]
619 858 766 933 ε’σταλκώς
787 853 859 939 μετά
881 857 987 944 δώρων
1076 868 1114 924 11

149 939 272 1028 τὸν]τὸ
361 951 401 1010 15
430 944 611 1027 στρατιώτας
633 959 698 1047 post
720 945 832 1026 λέγεται
855 969 910 1010 om.
1000 942 1079 1010 17’
1060 969 1115 1046 ηχ-

96 1071 101 1076 -
150 1030 259 1114 γε’λθη]
283 1025 410 1133 ἠγγέλλη
482 1034 522 1095 26
546 1025 751 1132 πανταχόθεν]
775 1030 932 1094 πάντοθεν
1003 1037 1043 1096 28
1064 1034 1116 1111 τῆς

146 1117 295 1195 βασιλείας
318 1113 469 1198 ἐπράχθη]
494 1111 631 1196 ἐπράχθη
653 1119 705 1194 τῆς
727 1118 936 1196 βασιλείας.
973 1148 1013 1185 σ-

212 1198 290 1276 201,
314 1201 334 1266 3
362 1225 416 1280 της
443 1221 583 1282 τεταρτης
612 1200 810 1286 ινδικτιωνος]
840 1205 891 1280 τῆς
914 1203 931 1262 δ
958 1225 988 1262 ιν
1077 1205 1116 1263 14

148 1251 504 1391 Κωνσταότινονπόλεως]
531 1289 777 1365 Κωνσταντίνον,
804 1295 862 1350 sine
877 1285 990 1361 πόλεως
1076 1291 1114 1348 16

150 1373 261 1450 βουλῆς
275 1386 340 1452 post
351 1369 518 1454 σογκλητου
541 1393 593 1434 om.
661 1377 702 1434 24
724 1369 819 1436 αὐτοῦ
840 1370 1033 1434 καταλέλοιπε
1057 1393 1116 1452 τρι·

151 1455 200 1518 σίν
219 1456 330 1540 κλίσιν]
354 1464 415 1532 τοῖς
437 1457 515 1531 νίοῖς
537 1450 632 1518 αὐτοῦ
654 1456 845 1520 καταλέλοιπε
866 1456 967 1539 τρισὶν
988 1451 1075 1518 οὖσιν

149 1609 237 1673 26
205 1635 260 1690 μεν
276 1633 328 1672 om
389 1615 425 1673 ib.
441 1632 494 1671 τον
508 1600 635 1690 Μιχαηλ
651 1609 716 1692 και]
740 1633 792 1672 τον
807 1636 840 1691 μι
862 1634 893 1674 τε
908 1635 961 1672 και
1010 1601 1117 1674 2906-

152 1718 200 1768 τος
222 1692 329 1778 μόνος]
354 1688 443 1768 οὗτος
464 1696 523 1758 καί.

218 1777 291 1851 202,
314 1773 536 1924 4άγωγην]’
518 1773 681 1884 αναγωγην
769 1787 805 1842 11
830 1781 959 1887 τούτοις]
984 1778 1031 1840 ἐπι
1054 1772 1119 1840 τοά·

152 1885 213 1936 τοις
302 1865 392 1926 19εἰ
411 1859 562 1943 μόνον]
539 1890 559 1944 η
582 1861 702 1944 μόνον
765 1871 806 1930 20
827 1863 944 1948 αὐτοῖς]
969 1855 1070 1926 αάτών

153 1953 193 2011 22
216 1953 416 2028 Praescriptum
438 1955 537 2011 litteris
560 1955 651 2012 rubris
674 1951 791 2028 βασιλεί
790 1974 809 2010 α
828 1953 882 2028 τῆς
897 1942 1101 2049 δεσποίνης
1069 1971 1116 2008 ευ-

153 2033 256 2106 δοκίας
279 2031 329 2093 καί
353 2035 412 2094 τῶν
433 2034 550 2094 παίδων
572 2027 741 2112 αότῆςε-
811 2041 851 2098 27
873 2031 964 2118 αὕτη]
988 2025 1065 2113 αὕτη
1120 2028 1124 2033 ’

112 2126 119 2138 “
150 2123 189 2180 29
212 2118 387 2200 πολιτικῶν]
411 2123 582 2193 πολιτικοῖς,

213 2201 288 2284 203,
313 2203 331 2266 7
357 2195 542 2288 Μελιτινην]
566 2199 728 2284 μελιτηνην
804 2210 843 2267 18
868 2201 1032 2308 Διογένην]
1056 2203 1118 2264 διο-

152 2285 224 2368 γένη
279 2250 330 2397 ;23
354 2289 515 2390 λαμπρῶν]
539 2291 676 2370 λαμπροῦ
753 2294 792 2352 27
814 2294 881 2351 Post
902 2288 1119 2372 κατεκρήμνισε

154 2381 256 2436 omittit
278 2373 329 2434 ἵνα
351 2369 392 2452 μη
417 2373 537 2436 ἐκεῖθεν
559 2374 730 2484 κρατηθεὶς
749 2381 876 2456 γνωριοῖ
895 2373 966 2448 τοὺς
987 2375 1120 2435 συνίστο-

151 2481 205 2533 ρας
228 2451 401 2538 ἐταζόμενος
423 2451 592 2522 κάντεῦθεν
615 2459 666 2521 καὶ
689 2451 775 2522 οότοι
796 2461 992 2541 τιμωρηθώσι
1079 2465 1119 2521 29

151 2540 359 2626 πατζινάκαις]
384 2538 592 2646 πατζινάκογς.

216 2626 331 2700 204,1
358 2627 390 2728 δὲ
411 2645 476 2710 post
499 2626 675 2710 γράψαντος
697 2653 751 2692 om.
827 2637 845 2692 2
868 2647 916 2691 σοι
937 2645 999 2711 post
1024 2629 1120 2709 δῶρον

155 2735 208 2774 om.
279 2718 319 2776 10
340 2707 373 2773 τὸ
397 2727 461 2776 ante
483 2716 565 2794 βῆμα
589 2737 644 2776 om.
726 2721 763 2777 11
788 2706 912 2797 κατ’]
894 2741 914 2795 η
935 2713 1001 2776 κατ’
1080 2721 1120 2780 16

152 2796 239 2877 ἐλαβε
267 2799 321 2857 τοὺ
344 2791 469 2880 άνδρδς]
499 2801 552 2860 τοῦ
574 2792 685 2878 άνδρδς
711 2795 803 2878 είσηει
891 2806 932 2865 20
957 2799 1120 2862 Καππαδο

152 2881 246 2984 κίαν]
261 2883 469 2945 καππαδοκών
534 2888 574 2948 26
596 2879 742 2968 άφὲλητο]
766 2879 905 2963 άφέλοιτο
973 2890 1012 2948 31
1030 2903 1120 2966 προσ

156 2962 297 3051 ομιληση]
322 2964 535 3048 προσομιλησει
622 2974 662 3032 32
682 2967 816 3053 ἐρών]’
802 2966 887 3051 ερώη.

215 3065 294 3140 205,
318 3063 395 3131 3
367 3093 400 3130 το
428 3059 543 3130 δ’ἐστὶ
572 3084 635 3133 ante
665 3065 698 3132 τὸ
725 3073 779 3132 τοῦ
807 3094 861 3134 om.
949 3077 967 3136 3
996 3067 1029 3133 τδ
1058 3085 1121 3134 ante

154 3148 352 3234 χειρόγραφον
375 3177 429 3218 οιιι.
502 3160 520 3217 5
543 3155 721 3264 συνοικίσει]
746 3154 920 3234 συνοικήσει
992 3153 1048 3220 96
1073 3153 1121 3218 ἐκ·

154 3239 257 3316 τομίας
283 3252 346 3300 ante
367 3233 499 3340 άπητητο
524 3263 578 3304 om.
647 3246 686 3304 14
704 3239 869 3325 Ρωμαίων]
898 3244 958 3304 τών
980 3243 1122 3323 ρωμαίοιν

198 3328 237 3386 16
271 3321 386 3407 τούτῳ]
422 3318 536 3398 τούτοις
632 3333 670 3389 17
699 3325 822 3407 βασιλέα
853 3327 1021 3410 τεθνεῶτα]
1051 3333 1121 3388 τεθ-

160 3415 253 3468 τεῶτα
273 3409 395 3488 βασιλέα
463 3414 502 3472 18
524 3401 580 3492 μὴ]
604 3409 680 3490 μηδὲ
751 3417 791 3476 26
815 3411 978 3495 Διογένην]
1002 3410 1122 3493 διογίνη

201 3498 242 3556 30
266 3485 466 3574 Διογένης]’
453 3516 468 3554 ο
492 3493 635 3575 διογὲνης.
