2544 3852
71 137 75 147 ’
153 165 213 232 182
494 164 773 218 Annornrronne

1258 267 1260 312 i

1258 353 1260 400 1

151 304 288 383 στηρίιον,
312 296 368 364 οὐκ
390 299 576 364 ἐναντιοῦται
598 303 637 386 τῷ
659 297 779 362 κανόνι
808 292 844 361 τὰ
865 298 923 381 γὰρ
945 292 1040 362 πολλοὶ
1061 321 1116 379 μο-

152 388 296 472 ναστήρια
319 414 363 462 ως
382 387 418 448 ἓν
440 389 615 468 λογίζονται,
639 377 738 448 διὰ
710 409 742 448 το
765 409 820 447 κατ
826 382 865 446 ’ἕ
864 386 982 448 πίὸοσιυ
1003 391 1117 467 περιελ

152 479 222 534 θεῖν
245 473 285 545 είς
308 470 555 581 Παντοκράτορα.

218 563 294 637 196,
318 563 346 620 5.
381 557 474 630 πολὺς
495 579 552 635 την
573 555 721 638 γλῶτταν]
753 561 1025 636 Eloquentissimus
1037 576 1117 634 repo-

152 651 272 719 suimus,
304 665 353 722 pro
376 650 458 706 tomo
481 649 635 719 verbosus,
658 647 699 702 uti
721 654 840 702 verteret
862 647 1014 720 Interpres,
1037 661 1117 718 quem

152 733 214 790 inde
237 732 329 790 multis
352 735 470 808 exagitat
493 731 636 788 Aliotius
629 749 656 786 m
679 731 818 787 Dissertat.
840 729 873 787 de
895 730 991 787 Psellis
1014 747 1041 803 p.
1066 728 1116 788 38

152 817 239 875 Porro
263 817 399 874 Michaelis
421 816 504 874 Pselli
532 815 613 873 verbe
641 823 720 872 sunt:
749 803 893 882 πολλάκις
921 807 952 871 ti
981 811 1016 892 τῇ
1044 809 1120 892 βολῇ

152 899 205 974 τῆς
228 895 336 977 λόγχης
358 888 462 958 ἐπὶ
429 920 481 970 τας
503 891 630 977 ἄρκτους
657 895 708 955 καὶ
731 893 784 967 τὰς
811 890 941 974 ἐλάφους
968 889 1119 999 χρώμενος

151 983 202 1044 καί
231 983 362 1082 συνεχῶς
385 979 638 1042 ἕπανατείνων
606 1001 665 1078 την
689 977 804 1057 δεξιὰν,
821 989 942 1080 ψυχρῳ
970 975 1117 1057 πνεύματι

151 1063 291 1168 βάλλεται
315 1058 371 1143 τὴν
393 1063 538 1146 πλευρὰν,
561 1065 610 1126 ναί
631 1059 695 1126 τότε
717 1063 772 1144 μὲν
794 1055 830 1126 οὗ
853 1060 933 1126 πάνυ
949 1058 1117 1141 mordenter

153 1145 170 1226 ἡ
194 1151 293 1232 πληγὴ
316 1147 458 1232 ἐγεγόνει·
481 1143 570 1234 τῇδ’
595 1148 699 1228 ἐφεξῆς
721 1150 892 1232 §apotomen
913 1142 1037 1230 πυρετὸς
1054 1149 1116 1209 δια-

153 1235 265 1316 δέχεται
288 1244 341 1299 eto.

219 1327 293 1396 196,
319 1327 368 1383 17.
400 1320 642 1402 Κωνσταντῐνον]
677 1328 834 1401 Αηοιηιιαοε
863 1327 1002 1382 Berensis:
1033 1324 1116 1382 Anno

155 1409 246 1473 1060.
269 1411 335 1468 Ioci.
361 1410 398 1468 13
430 1410 623 1468 Comminiono
646 1414 807 1468 voluntarie
829 1413 906 1468 dedit
930 1409 1011 1486 (sorte
1032 1407 1117 1481 cedit)

152 1497 272 1554 Domino
294 1512 345 1554 sno
370 1495 555 1554 Constantino
579 1497 715 1566 Dulcizzi,
745 1505 772 1553 et
795 1499 885 1553 induit
912 1497 968 1553 sibi
990 1497 1117 1552 habitum

152 1580 365 1638 Mooooiioum.

218 1665 288 1736 198,
307 1665 357 1723 23.
378 1660 554 1741 Δουιίτζης]
570 1665 608 1720 ita
625 1664 776 1738 appelletur
791 1666 818 1721 in
834 1665 967 1721 Chronico
984 1665 1118 1738 Anonymi

153 1751 276 1808 Berensis
297 1751 360 1807 loeo
384 1749 503 1806 laudato.
539 1749 603 1806 Vide
626 1749 748 1806 Familias
764 1750 922 1824 Byzantinos
945 1751 972 1805 in
995 1749 1118 1805 Ducnena

153 1834 261 1891 familia.

217 1918 347 1992 tome.
383 1907 570 2014 Δαννουβιν]
600 1917 639 1972 lte
660 1918 792 1974 Wolfins:
820 1930 848 1976 et
875 1920 944 1994 regii
974 1919 1027 1974 duo
1053 1907 1116 1972 At-

152 2001 268 2078 νουβιν,
285 2002 339 2058 duo
356 2002 400 2058 elii
416 1992 588 2076 Δοννναβιν
600 2001 710 2060 hebent
732 2005 917 2062 Duonuoium
928 2002 994 2059 init
1005 2003 1117 2060 Lecton

153 2089 208 2144 tius
231 2089 258 2143 in
280 2085 351 2142 libro
374 2087 408 2143 tle
430 2086 548 2144 Moribus
572 2096 741 2161 perseeutor.
765 2106 792 2144 n.
819 2089 867 2147 18.

219 2171 290 2246 200,
316 2170 363 2228 14.
399 2165 466 2246 περὶ
492 2165 523 2228 δὲ
540 2166 779 2249 Χοιροβοίνχους]
804 2173 839 2230 De
855 2174 907 2230 hoo
928 2173 1028 2248 oppido
1051 2172 1120 2228 dini-

153 2273 214 2314 mus
238 2256 270 2313 ad
286 2255 439 2314 Alexiadem
454 2258 588 2316 Annaeam
604 2275 631 2332 p.
650 2256 712 2315 340
734 2267 762 2314 et
779 2257 812 2314 nti
828 2257 984 2314 Cinnamum
999 2275 1026 2331 p.
1043 2255 1117 2317 440.

217 2341 253 2398 lb.
277 2337 329 2414 τῆς
351 2335 405 2414 μὲν
427 2333 539 2410 πόλεως
562 2335 732 2418 ἐξεδήμησε]
758 2343 822 2398 Dum
838 2343 865 2397 in
882 2343 931 2398 ime
946 2341 1119 2416 expeditione

153 2434 323 2498 versaretur,
352 2435 461 2501 exorto,
490 2429 517 2482 ni
540 2427 632 2498 inllor,
662 2429 714 2483 ista
741 2427 839 2482 seditio
868 2427 909 2482 vel
936 2425 1063 2497 rebellio,
1090 2427 1120 2481 in

152 2509 235 2588 urbe,
265 2527 344 2584 qnam
367 2512 458 2585 attigit
480 2509 597 2569 Endooio
620 2513 718 2568 coniux
740 2513 767 2566 in
790 2511 956 2585 praefatione
979 2511 1012 2566 nd
1035 2511 1118 2582 ionia,

154 2595 231 2651 euius
254 2612 317 2651 mon
339 2597 503 2652 mentionem
526 2613 649 2671 egemus,
672 2595 718 2652 ubi
739 2596 939 2670 disciplinarum
962 2612 992 2652 ae
1014 2593 1119 2652 studio·

71 2731 73 2734 .
115 2723 119 2730 .
153 2696 227 2746 rom,
258 2697 327 2753 quoe
350 2681 407 2772 tum
429 2681 457 2736 in
480 2697 511 2736 en
534 2680 682 2752 florebant,
705 2677 798 2738 laudes
821 2682 1012 2755 prosequitur:
1041 2671 1119 2773 ὁρῶ-

153 2781 206 2836 μεν
153 2759 282 2838 μμὲν
304 2755 361 2839 γὰρ
384 2753 422 2832 ὡς
443 2755 538 2840 αὐτῆς
560 2761 703 2838 φανείσης
727 2762 790 2841 (της
805 2756 991 2839 παιδείαςᾚ
973 2783 992 2837 η
1017 2756 1119 2830 στάσις

152 2842 311 2919 πέπαυται,
336 2842 387 2904 ναι
410 2867 442 2904 αι
464 2853 515 2924 τῆς
537 2840 657 2949 εἰρήνης
679 2845 834 2924 διαλλαγαὶ
854 2843 974 2924 βέβαιοι
995 2838 1116 2904 αδιστά-

152 2949 229 3000 πτας
251 2925 394 3030 ἐγένοντο.
429 2933 478 2990 Ubi
501 2933 534 2990 nd
557 2937 706 3010 marginem
730 2935 831 2992 codicis
854 2953 903 2991 ms.
927 2935 993 2991 hneo
1015 2935 1119 2992 deseri·

154 3017 269 3074 bnmur
299 3035 353 3090 την
375 3015 430 3074 τοῦ
452 3015 647 3076 Παλατιανοῦ
670 3032 775 3075 στασιν
787 3013 889 3158 ἕλέμει,
914 3014 964 3075 ναὶ
987 3035 1041 3114 την
1063 3015 1118 3074 τοῦ

152 3090 317 3159 ἆκολαστον
341 3101 500 3178 Μαϊουμᾶ,
523 3100 610 3159 οί
573 3123 609 3182 τη
631 3101 766 3199 βασιλεία
787 3097 968 3202 ἐπιθέμενοι,
991 3089 1119 3170 ἆπόντος

154 3183 206 3243 τοῦ
228 3185 350 3262 φιλοχρί
347 3200 418 3243 στου
440 3183 607 3283 βασιλέως,
626 3207 679 3257 ους
703 3181 720 3244 ὁ
744 3179 915 3260 σοφώτατος
939 3176 1118 3259 Ἀσσοιρίνος

104 3266 338 3346 116παρακλησει
365 3290 393 3327 τε
417 3267 467 3328 καί
495 3264 649 3346 προστάξει
678 3292 730 3346 της
752 3263 984 3350 ἕλλογιμωτατης
1005 3267 1117 3348 βασιλί

154 3349 204 3424 dor
226 3348 420 3434 ῥητορεύσας,
444 3375 497 3462 της
521 3352 678 3461 ἐπιθέσεως
693 3353 859 3415 κατέπαυσε
882 3353 933 3415 καί
955 3374 1008 3414 του
996 3350 1117 3431 ippo-

153 3437 217 3498 λίου
239 3437 383 3518 πολέμου·
407 3438 475 3518 περὶ
496 3431 535 3500 ον
550 3437 601 3500 καὶ
620 3441 811 3501 Παλατιανοῡ
829 3439 934 3518 μνείαν
950 3434 1119 3515 ἐποιήσατο.
