2556 3850
149 159 319 212 cxxxvm
522 159 571 210 AD
590 160 674 212 VOL.
693 161 740 215 IV.

149 315 286 401 ερρετεοε.
308 293 442 373 βασιλεία
463 293 516 372 τής
537 294 690 373 βασιλίδος
710 287 861 368 εὐδοκίαςε
949 285 1014 378 τοὶς]
1038 315 1069 355 τε
1090 308 1118 356 et

148 377 200 454 τὰς
216 401 300 457 marg.
315 401 338 442 n.

212 461 291 540 203,
314 461 333 526 8
363 457 547 563 Μελιτινήν]
575 457 735 541 μελιτηνήν
799 467 871 524 ,14
898 427 1116 568 προστήσηται]
1235 439 1238 443 ⁸
1272 529 1274 543 ⁴

148 545 347 628 προστήσεται
435 552 473 610 21
496 539 551 626 τήν
566 546 681 627 ἰσχὺν
674 571 702 610 1n
717 553 771 610 fine
786 569 881 610 versus
903 561 931 610 et
948 544 1117 625 α’παριλμιλ-

150 638 225 694 λον
218 639 297 696 nnitio
311 640 452 712 sequentis
468 637 561 694 eadem
576 653 658 696 manu
673 639 702 694 in
717 655 804 712 marg.
820 638 928 712 scripta
989 637 1029 694 24
1045 636 1117 735 λαμ-

149 717 249 818 πρῶν]
266 718 404 798 λαμπροῦ
490 721 529 781 25
545 713 595 779 ἐπὶ
609 722 671 790 τοῖς
685 709 968 816 ἆνδραγαβήμασιν]
987 711 1066 778 ἐπ”
1050 739 1115 795 αρι-

149 797 309 881 στεύμαοτν
396 805 435 864 28
451 798 679 884 κατεκρήμνισε]
696 795 927 904 κατεγρήμνησε
963 806 1031 864 Turn
1047 824 1117 882 quae

149 891 318 988 addebantur
339 898 367 948 et
363 893 524 990 sequentia
534 909 632 994 usqne
653 893 685 950 ad
700 878 843 966 ἀξιώματι
865 891 902 949 ita
919 885 1080 950 exhibet:
1063 909 1117 946 ινα

152 993 192 1050 μη
182 964 340 1073 ἐκφήνριι
354 963 560 1073 ἀναγκασθείη
574 966 644 1045 τούς
658 972 831 1071 συνίστορας
852 966 1023 1050 ε’ταζόμενος
1042 972 1116 1032 τετί-

149 1077 224 1160 μητρ
247 1048 314 1116 δὲ
300 1077 316 1117 ο
340 1041 532 1156 διογένης
495 1077 581 1130 οοτος
601 1049 617 1118 6
639 1049 776 1156 6666663
801 1055 844 1140 τῷ
864 1058 924 1118 ταῖν
945 1057 1117 1136 βεσταρχῶν

151 1134 293 1217 ἀξιώματι
380 1143 419 1203 32
436 1133 609 1221 ἐζωγρησεν,
625 1137 684 1242 ολν]
701 1118 857 1223 ἕζαλγρηολε,
872 1139 932 1202 καί.

212 1223 286 1301 204,
308 1217 526 1304 2γροὶφαντος
541 1223 587 1308 δὲ]
603 1221 776 1309 γράψαντος
862 1220 1049 1289 ὅτεθνοὶναι
1064 1215 1118 1286 τὸν

152 1272 373 1392 αὐτοκρτλτορα]
389 1315 477 1374 haec
470 1332 498 1372 nn
513 1333 598 1374 vaano
619 1318 708 1393 spatio
725 1315 822 1391 quod
814 1333 843 1373 na
859 1315 953 1373 codiee
969 1316 1118 1414 reliquerat

149 1399 278 1458 librarius
305 1399 417 1499 ερτίρεβ
437 1402 575 1458 recentior
595 1409 737 1460 corrector
759 1402 806 1476 qui
831 1396 977 1476 τεθρᾶναι
1003 1398 1097 1473 (sie)
1089 1416 1118 1456 nn

150 1485 239 1578 priori
255 1493 282 1540 et
297 1471 349 1540 τὸν
363 1473 569 1586 αὗτοκροίτορα
590 1488 618 1542 in
639 1485 726 1544 altero
741 1501 823 1543 versu
837 1485 932 1560 posuit
998 1483 1037 1540 12
1058 1478 1118 1578 ⁶65-

150 1557 202 1664 ήει
220 1565 275 1626 τοῦ
295 1554 419 1665 ἀνδρὸς]
443 1567 497 1627 τοῦ
518 1557 636 1672 ἀνδρὸς
643 1561 735 1666 είσήει
823 1570 862 1628 16
885 1563 972 1645 ἔλαβε
991 1565 1045 1626 τοῦ
1061 1556 1117 1624 οἶν-

150 1623 221 1730 ορ6ς
235 1647 286 1709 καί
302 1638 412 1730 αὐτὴν]
430 1648 517 1730 ἔλαβε
534 1647 584 1712 καὶ
599 1644 694 1730 αὐτήν
714 1670 766 1711 τοο
754 1641 891 1756 ἆνδρός
978 1653 1019 1713 20
1033 1652 1117 1709 Καπ-

148 1732 311 1834 παὸοκίαν]
334 1735 539 1796 καππαδοκῶν
625 1740 665 1798 22
685 1733 761 1816 ήδη]
782 1729 841 1815 ήδη
862 1732 894 1796 66
985 1737 1025 1796 26
1045 1721 1118 1810 σἰφὲ·

151 1817 235 1900 λητο]
258 1810 403 1917 ἀφέληται
418 1822 584 1898 syllabam
604 1825 765 1900 compendio
781 1840 910 1921 expressa
996 1821 1036 1881 28
1057 1819 1118 1880 τῶν

148 1900 217 1981 περὶ
237 1892 335 1978 αὐτήν
350 1899 509 1985 ἐκτομιῶν]
527 1902 705 2050 ἐκτομίριέυ
663 1928 724 1966 των
738 1903 805 1984 περὶ
821 1896 918 1981 αὐτήν
997 1906 1116 1964 κοινοῦ-

104 2008 110 2022 ’
148 1985 211 2070 ται]
228 1983 404 2050 ἕκκαλύπτει
482 1991 522 2052 32
538 1966 724 2096 ἐρῶν]ἒη
660 1985 733 2090 ρρὶη.

211 2069 286 2148 205,
309 2069 329 2134 3
351 2074 405 2134 τοῦ
426 2068 519 2151 ὅρκον
539 2072 571 2134 a6
594 2073 797 2173 χειρόγραφον
816 2063 984 2134 ἄποόοὖναι
1006 2093 1045 2173 τη
1063 2073 1115 2152 βα-

149 2155 278 2241 σιλίσση]
296 2177 329 2216 το
320 2149 511 2218 ἀποδοῦναι
525 2181 562 2242 τη
553 2159 679 2237 βασιλί
678 2176 735 2242 σση
749 2151 782 2218 τὸ
795 2161 849 2219 τοῦ
858 2149 949 2236 ὅρκον
963 2152 1116 2261 χειρόγρα-

50 2305 52 2308 ,
148 2261 209 2318 φον
296 2235 419 2340 δαῦτή]
434 2265 470 2328 τη
458 2244 642 2326 βασιλίσσῃ
728 2239 836 2324 ὃμὲν]
859 2265 913 2306 om.
1001 2235 1115 2305 9666·

148 2323 269 2427 πειρον]
288 2319 446 2427 διάπειραν
501 2333 541 2392 10
555 2303 828 2409 προσκαλούμενος]
844 2319 1116 2431 προσκαλεοάρενος

152 2415 189 2472 11
206 2432 320 2474 τουτων
355 2413 460 2474 τοῦτον
548 2417 587 2476 13
608 2412 682 2516 τῶν]
706 2434 759 2514 ριο.
850 2417 887 2476 15
907 2405 986 2474 αὐτὰ
1006 2404 1042 2472 τὰ
1062 2403 1115 2491 σἰγ-

147 2492 269 2579 γίθυρα]
291 2500 369 2580 αντή
385 2493 421 2579 τή
435 2497 472 2581 σή
491 2489 718 2577 μεγαλοπόλει’
701 2520 757 2576 αγχ
758 2497 855 2601 ίθορα
930 2500 970 2559 17
992 2493 1114 2574 βασιλέα

147 2580 316 2684 τεθνεῶτα]
334 2587 446 2644 invertit
524 2585 563 2642 21
580 2574 772 2665 ε’σγηκώς]’
741 2573 874 2662 ενρηκώς
951 2577 979 2640 εί
993 2578 1026 2642 δέ
1038 2601 1117 2654 τινες

148 2661 199 2725 καί
215 2657 385 2748 ἀντέλεγον]
401 2655 554 2768 ἀντίλεγε,
577 2671 624 2728 sed
640 2671 711 2730 infra
725 2687 834 2728 versum
851 2672 968 2746 paginae
988 2670 1117 2728 ultimum

146 2750 343 2894 εένιοαοοὸ
284 2747 312 2810 εί
326 2748 358 2810 δέ
370 2771 449 2823 τινες
464 2747 516 2811 καί
530 2743 686 2830 ἀντέλεγον
774 2754 815 2815 30
833 2745 1028 2831 Διογένης]
1014 2771 1030 2812 ο
1055 2748 1115 2810 ὄιο-

146 2855 165 2913 ί
199 2857 234 2912 ης

211 2914 326 2998 206,1
350 2923 434 2980 rubro
451 2924 502 2982 οοΙ.
518 2941 656 3000 superser.
665 2920 808 3066 βασιλεία
828 2919 973 3000 βωμανοῦ
987 2927 1043 2981 τοῦ
1057 2919 1116 2980 διο·

147 2999 253 3083 γένους
308 3006 347 3066 23
363 3003 537 3086 βασιλείαν]
553 3005 611 3083 βοζ
609 3005 680 3066 αντί
678 3027 729 3085 τον,
746 3009 794 3066 sed
808 3004 926 3106 βασιλεί
926 3026 967 3066 αν
982 3025 1076 3107 margo
1093 3025 1117 3065 r

148 3089 188 3150 25
205 3076 297 3169 66]6’
385 3085 529 3172 ἐπείγετο]
553 3083 676 3171 ἐπήγετο
763 3093 802 3152 28
824 3081 893 3170 οὐκ]
911 3086 962 3150 καί
978 3081 1044 3168 οὖν,
1067 3093 1116 3151 sed

147 3169 199 3232 καί
214 3176 381 3236 lineolat
331 3195 367 3236 ne
369 3186 456 3237 tatum
471 3198 494 3236 r.

210 3254 284 3336 207,
308 3249 459 3360 l6pp6v]
480 3251 578 3336 ἀλκήν
664 3255 841 3340 26ιὲκειτο]
866 3255 1010 3319 διέκειντο
1097 3261 1116 3320 5

146 3340 212 3422 τῆς]
230 3347 292 3416 τοῖς
309 3363 362 3421 pn,
385 3345 475 3419 τήςτ.
545 3342 745 3446 βαρβαρικῆς]
763 3337 928 3446 βαρβάροις
943 3365 995 3422 pr„
1012 3362 1044 3403 ex
1060 3363 1116 3420 quo

149 3425 337 3508 βαρβαρικῆς
353 3430 418 3486 feeit
432 3447 502 3488 cerr
520 3434 853 3506 n.,quietien1vaeuum
875 3434 904 3488 in
925 3431 980 3488 fine
1000 3433 1117 3506 paginae
