2550 3854
506 245 725 297 ADVOL.1V.
1036 242 1094 307 151

130 378 221 457 πήθη
244 373 309 482 τὴν
319 382 372 440 τοῦ
394 353 591 453 ιλπολέσαντος
611 365 760 478 ἆθνμίαν
786 373 911 457 λλμωςέν
926 378 1022 480 ἕαιιτηλ
1037 402 1094 456 φν-

131 464 254 544 λώττοον,
277 458 313 526 06
336 463 464 526 διέλιπεν
486 456 545 525 ιἰπδ
568 456 676 536 νυκτὸς
699 464 740 536 εἰς
762 463 857 524 νύκτα
879 460 1082 569 εὐχόμενος
1053 466 1097 524 w·

132 550 200 634 Θτηλ
221 551 327 610 τοῦτον
355 547 456 610 ἐλθεῖν
483 548 535 610 καλ
561 545 726 649 ἀπολαβεῖν
753 547 786 609 τδ
818 549 907 614 ἴδιον.
949 544 965 610 6
975 548 1096 652 μέντοι

132 611 311 714 στρατιώτης
332 630 384 709 τὰς
399 627 496 707 πόλις
516 630 657 740 περάσας,
679 630 730 694 κοιλ
746 628 991 740 ἐπιμνησθεὶς,“
974 654 1052 732 ομιτς
1067 655 1095 694 τι

130 722 254 795 ποιῆσαι
271 717 317 826 μὴ
341 719 518 818 δρνώμενος,
542 709 600 796 τὴν
622 712 695 780 ὁδόν
717 715 812 782 αὐτοῦ
838 714 926 818 ἀπῄει
949 714 1094 794 λυπούμε-

16 813 21 818 “
87 844 89 848 -
131 825 199 877 νος·
229 803 280 864 καλ
302 797 374 882 μετιλ
402 805 501 881 τρίτον
527 796 666 865 ἐνιαυτόν
677 802 808 902 ἔρχεται
830 798 903 910 πρὸς
925 803 981 910 τρν
1002 801 1095 864 τόπον
1157 805 1182 828 ‘⁴

131 890 192 948 τών
214 891 370 966 Νοσσιών,
399 887 456 987 ιιμλ
474 888 568 949 τοιλ“
550 909 645 949 ιππου
668 879 787 992 ἆποβιλς
806 880 897 950 αιλιδν
920 887 974 966 μλν
997 883 1092 948 ἐπότι-

132 991 193 1048 σεν,
215 968 288 1034 ιἰλλιλ
310 974 362 1033 καλ
385 965 475 1046 αότδς
496 965 572 1034 ιτιολν
596 971 728 1075 ἐκάθητο
749 962 894 1050 σόννοος,
917 971 968 1033 καλ
991 965 1093 1033 στενολ-

130 1060 184 1156 ξας
198 1052 320 1120 εἶπεν’
302 1080 348 1120 οτι
366 1053 417 1117 Ἐν
437 1050 530 1140 τοιλτιμ
545 1062 587 1142 τῷ
605 1055 686 1141 τόπηο
702 1051 840 1118 ολπώλισιλ
860 1081 918 1137 μον
933 1080 988 1158 την
1004 1056 1094 1163 ζοορῇν.

131 1145 219 1240 τρῦτο
242 1137 374 1216 ολκοιλσας
395 1141 412 1203 6
435 1143 529 1220 τίμιος
549 1119 646 1222 γέρων
667 1119 856 1244 ’ἐπηρώτησεν
876 1138 994 1241 αιλτηλ,
994 1142 1024 1202 τί
1036 1137 1095 1222 δι’ριι

130 1220 163 1286 τδ
186 1220 304 1307 συμβόν
325 1223 442 1306 κόριὲ
438 1249 511 1301 ιιον;
540 1223 555 1287 6
582 1226 612 1288 δὲ
635 1223 761 1288 ελπεν’
745 1250 789 1287 οτι
818 1203 951 1288 ἐνταῦθόι
978 1217 1093 1333 6666:-

127 1329 186 1370 σαν
209 1333 244 1370 νν
275 1310 326 1372 καλ
348 1304 488 1392 παρευθιλ
511 1307 613 1371 καλ
583 1334 637 1373 τον
657 1308 748 1373 τόπον
763 1307 966 1388 ὑπεδείκνυεν,
990 1310 1041 1372 καλ
1056 1303 1091 1372 τολ
1111 1319 1190 1370 98

129 1401 238 1474 σημεῖα
260 1399 313 1456 τοῦ
322 1396 462 1497 patant
462 1417 531 1492 ov,
536 1395 635 1458 κοιλ
607 1419 640 1458 το
662 1395 756 1458 πόσον
779 1395 896 1477 ἔλεγεν·
925 1396 975 1456 καλ
999 1393 1014 1456 6
1041 1394 1094 1455 όλν-

130 1488 255 1558 θρωπος
282 1485 334 1542 τοῦ
357 1483 434 1542 Θεοῦ
457 1471 550 1553 96669
579 1479 686 1554 ἐξέλοιεν
715 1485 801 1542 τοῦτο
829 1482 882 1542 τοῦ
905 1479 1018 1540 κόλπου
1039 1473 1094 1540 66-

120 1567 202 1642 ,τοιλ,
226 1563 277 1624 κοιλ
299 1564 382 1672 μησλ,
406 1565 564 1642 Γνοορλζεις
586 1567 688 1639 τοῦτο;
711 1563 783 1628 ὁδλ
804 1557 925 1666 όφσονληι
947 1563 995 1626 ἐπὶ
1017 1557 1094 1625 πολιλ

129 1649 335 1727 κατασχεθεὶς,
357 1645 445 1728 ὅμως,
465 1647 531 1716 ναλ
526 1644 686 1749 ελπεν,”
671 1673 741 1729 οπερ
756 1646 894 1754 ιλπώλεσρι
909 1647 982 1711 αιλτο
975 1648 1092 1710 ’ἔστιν

130 1734 182 1795 καλ
197 1732 283 1833 φησλ,
303 1732 448 1814 Ἀπόλαβε
463 1726 546 1810 αιλτιλ,
568 1730 886 1834 πληροφορειλμενος*
866 1757 905 1804 οος
920 1726 975 1794 οιλκ
990 1732 1094 1807 ι’λνοιξα

126 1814 215 1894 αὐτὸ,
238 1812 307 1880 οιλδὲ
329 1819 453 1880 ελδοοί
422 1821 453 1880 τί
472 1817 550 1880 ἐστιν
566 1819 690 1881 ἔσωθεν.
720 1822 807 1882 τοῦτο
822 1812 952 1898 λαβών’
938 1842 954 1880 ο
970 1813 1092 1897 όλγθροο-

128 1926 193 2007 πρς,
221 1907 413 2002 παρακαλῶν
426 1901 580 2006 6996969
601 1899 693 1966 αὐτοῦ
716 1900 769 1968 ὅσα
790 1902 840 1964 καλ
855 1901 1007 1982 βούλεται·
1031 1899 1095 1965 ὁδλ

127 1985 183 2050 οιλκ
212 1980 413 2088 ἠθέλησεν
381 2010 414 2048 το
438 1984 582 2065 σόνολον,
604 1983 714 2051 ὅθεν*
701 2013 717 2052 ο
738 1987 919 2088 στρατιώτης
937 1985 1094 2067 ολπλρχεται

125 2096 185 2184 την
211 2071 289 2136 ὁδόν
315 2066 426 2150 αὐτοῦ,
454 2074 566 2180 966966
588 2074 644 2176 ηαλ
667 2071 850 2172 εὐχαριστῶν
876 2076 919 2156 τῷ
944 2077 1021 2158 Θεῷ
1058 2097 1094 2155 τη

129 2155 190 2220 οιλν
218 2157 304 2221 ννκτλ
326 2155 466 2260 ἐκείνη*
451 2161 509 2260 096
537 2153 602 2219 κατ’
627 2153 701 2236 όναρ
729 2151 781 2220 τόν
808 2137 938 2233 Χριστόν
966 2135 1096 2218 ἐλθόντα

128 2243 181 2304 καλ
205 2235 378 2304 ελπόντοι’
341 2244 437 2348 αοτηλ·
460 2238 529 2303 εὖθ’
549 2233 591 2304 ολν
613 2242 751 2321 ἐποίησας
774 2241 865 2316 εἰς
835 2265 889 2302 τον
904 2240 1093 2341 στρατιώτην,

128 2321 196 2389 ἰδοιλ
212 2320 320 2403 νόριον
335 2303 473 2399 ιλκοιλσεις
488 2328 649 2407 γενόμενον
666 2327 944 2433 Παρακριμώμενον
958 2319 1009 2387 τόν
1024 2323 1095 2386 νλόν

84 2486 86 2490 Ι
128 2432 194 2489 σον,
219 2413 272 2475 καλ
294 2405 327 2473 τό
341 2407 516 2491 προάστειον
538 2414 624 2472 τοῦτο
647 2413 687 2484 εἰς
709 2411 806 2511 μονην
828 2407 961 2517 μεγάλην
974 2407 1097 2491 γενησό-

130 2519 222 2575 μενον
246 2492 321 2577 πρὸς
342 2497 480 2577 δοξολογί
478 2519 517 2560 αν
539 2493 625 2577 ἐμήν·
648 2495 699 2557 καλ
721 2489 758 2557 σιλ
781 2495 870 2558 δὲ’
833 2490 922 2569 αντιλς
944 2495 999 2559 τόν
1005 2493 1095 2596 ὑπὲρ

128 2579 245 2644 τούτων
267 2580 382 2660 μισθόν
391 2588 504 2685 Ηκομιεῖ.
535 2585 649 2658 πρωΐας
672 2580 704 2642 δὲ
704 2579 946 2681 γενομένης,
917 2605 950 2642 το
972 2574 1094 2660 μήνυμα

60 2739 63 2746 ¹
129 2651 237 2744 ἦλθεν,
261 2665 311 2726 καλ
334 2689 386 2745 μετ
391 2659 526 2771 ’ὀλίγας
547 2664 589 2745 ιλμ
592 2666 660 2744 λρας
681 2690 717 2750 τη
704 2661 853 2770 θελησει
875 2687 928 2726 του
916 2667 1054 2744 βασιλέ
1055 2688 1095 2750 ως

130 2750 181 2810 καλ
204 2775 239 2837 τη
262 2748 370 2832 ἐξόδῳ,
399 2747 438 2824 ὡς
460 2751 591 2829 εἴρηται,
619 2752 651 2812 τδ
675 2749 874 2830 μοναστήριον
895 2743 1095 2829 οἰκοδομεῖται

129 2834 182 2894 καλ
206 2813 417 2932 ἕλεθρονλσθη.

197 2925 303 2997 49,1
333 2910 388 2981 σιλν
408 2911 480 3001 γδρ]
505 2925 576 2982 Ηιεο
599 2927 669 2981 varie
692 2923 842 2982 efferuntur
864 2941 879 2978 a
901 2890 1093 2998 scriptoribus.

129 2970 249 3084 Symeo6
262 3010 426 3104 λομοιλιεῑε
449 3011 486 3066 ait
508 3011 728 3108 praestigiatores
744 3009 895 3069 Alexandro
918 3009 1018 3066 dixisse
1039 2999 1094 3080 τὴν

130 3087 212 3167 ζωὴν
233 3082 327 3150 αὐτου
314 3091 599 3187 προσανακεῖσθαι
622 3095 679 3167 apri
702 3101 808 3150 statuae
830 3095 858 3150 λιι
880 3092 968 3151 circo.
1000 3093 1094 3186 Neque

128 3178 210 3234 aliter
232 3178 286 3235 Leo
310 3179 517 3237 Grammaticus:
547 3167 580 3234 τό
599 3176 653 3232 τοιλ
681 3166 813 3252 συάγρου
833 3178 979 3252 στοιχεῖον
1005 3164 1094 3232 τιλλν

129 3259 174 3335 τηλ
198 3257 316 3342 ίιιπιιιρο·
336 3275 383 3319 σοι
404 3255 457 3318 καλ
484 3281 520 3343 τη
545 3259 584 3342 σῇ
607 3258 666 3340 ζωῇ
691 3253 931 3358 προσανώκειται.
975 3261 1094 3318 zonarae

130 3360 196 3400 vero
219 3321 323 3404 aece6it
346 3347 492 3422 Scylitaes:
522 3348 667 3420 στοιχειον
697 3333 754 3422 γιλρ
776 3337 869 3404 αὐτοῦ
891 3344 996 3403 τοῦτον
1018 3335 1094 3401 εἶναι

130 3426 370 3570 προμανολς,Λ
338 3427 448 3495 Λέοντι
476 3424 535 3510 γιλρ
555 3421 753 3536 ιλντιμώχεται
779 3428 822 3512 τῷ
849 3419 959 3504 αὐτοῦ,
989 3423 1094 3505 φασὶν,

126 3534 149 3571 α
169 3530 182 3568 ε
201 3531 251 3592 φηο
303 3551 306 3564 .
