2550 3854
499 208 549 260 ιιι
567 209 652 262 von.
671 209 719 264 ιν.
873 231 875 235 -
1032 209 1093 275 153
1121 173 1125 184 ’

116 359 201 423 zoor·
233 339 428 423 Booiyoipoue
456 337 566 416 αὐτοὺς
593 343 717 421 οἴδαμεν
745 338 888 421 συνήθως
915 348 1017 406 καλεῖν
1039 358 1091 408 eto.
1144 391 1148 400 t

115 432 194 490 Vide
222 449 291 507 quae
320 432 353 489 de
380 432 515 507 Symeone
542 441 703 490 annotamus
734 435 761 489 in
788 432 904 491 Familiis
931 433 1095 510 dalmaticis,

116 517 171 574 ubi
196 515 301 592 Regum
323 493 463 610 Bulgddae
485 518 582 574 seriem
605 524 632 574 et
655 525 732 592 gesta
753 519 972 592 perstrinximus.

191 600 316 674 53,13.
345 589 470 657 καὶτὸν
491 593 774 694 παρνκοιμνὶμενσν]
798 601 882 672 Quem
904 601 960 660 Leo
983 610 1010 658 et
1031 604 1092 662 Aie-

117 685 229 743 xaudro
253 694 280 742 et
302 682 360 746 filio
383 685 561 746 constantina
585 695 705 744 tutorem
728 681 885 762 deliquerat.
929 686 1092 762 Liuthprnu·

117 771 176 828 dus
202 769 232 842 3,
257 767 289 826 7:
313 771 415 842 quidus
430 773 470 828 ad
484 773 624 830 tuendum
632 775 788 844 palatium,
811 774 1017 846 tutandamque
1032 789 1093 830 rem

116 859 285 930 priuatam,
306 861 339 914 ut
352 857 417 912 istie
430 859 518 913 moris
533 863 586 928 est,
608 857 781 914 Eunuchum
803 855 902 929 officio
922 857 1093 914 Paraeiim·

117 955 230 998 menon
252 941 339 996 dedit.
494 986 498 993 ,

192 1022 249 1096 53,
273 1023 323 1082 31.
359 1017 470 1079 Λέοντι
498 1028 541 1103 roi
570 1019 681 1102 Φωκςξ]
717 1023 800 1092 Quem
829 1023 885 1082 Leo
908 1025 972 1099 imp.
1001 1025 1092 1099 paullo
1111 1025 1144 1077 99

120 1115 190 1166 ante
221 1115 337 1164 mortem
365 1107 490 1182 Magnum
519 1109 700 1166 Domestioum
729 1109 842 1166 dixerat.
892 1109 1094 1184 Linthprandus

123 1193 157 1264 3,
185 1192 218 1248 7:
241 1193 352 1248 Focum
368 1209 435 1250 uero
451 1193 799 1265 domestienmnMaiorem,
816 1195 871 1251 troc
887 1201 930 1251 est
945 1200 1094 1252 terrestris

120 1280 231 1336 ducem
256 1280 405 1334 exereitus
427 1277 512 1350 feeit.
556 1277 671 1348 Deinde,
703 1277 749 1334 ubi
777 1278 810 1334 do
835 1279 885 1335 hae
907 1279 1092 1354 expeditione:

119 1363 261 1433 Denique
283 1367 486 1434 temporeque
507 1379 629 1436 mupnus
643 1363 810 1434 Imperator
824 1364 882 1420 Leo
903 1367 1034 1438 mipraoit
1056 1367 1096 1421 ad

122 1447 289 1516 Christum,
318 1447 415 1502 docus
443 1449 616 1518 praediatus
641 1447 822 1504 Domesticos
849 1451 999 1504 terrestris
1023 1449 1094 1506 Dure

121 1533 293 1600 exereitus,
323 1537 427 1587 eontra
451 1531 619 1604 Symeonem
645 1531 842 1604 Bquarorum
868 1547 964 1606 repam
994 1535 1095 1603 copias

2 1606 9 1618 ⁸
78 1631 81 1635 ·
121 1617 274 1684 duxerat,
296 1618 380 1685 eique
397 1612 668 1688 Constantinopolim
684 1619 781 1674 uenire
797 1619 926 1687 cupienti
938 1633 996 1672 non
1010 1619 1095 1673 inuti·

119 1703 193 1760 liter
217 1699 409 1772 repupnabut.

189 1783 251 1854 54,
275 1782 325 1838 22.
357 1769 595 1858 ὄρουγγάριος
573 1802 618 1840 ων
640 1780 700 1840 τῶν
721 1727 879 1860 nimiunn]
911 1784 985 1840 Hono
1007 1783 1096 1858 digni·

121 1877 208 1927 tatem
235 1875 331 1924 nactus
354 1867 442 1924 iuerat
463 1867 554 1925 Leone
577 1868 702 1942 Sapiente
724 1870 911 1942 imperante,
918 1867 952 1925 ob
975 1868 1096 1942 singula·

118 1969 180 2011 rem
205 1953 292 2008 animi
315 1952 519 2025 tortitudinem,
548 1969 626 2028 quam
649 1955 678 2009 in
700 1955 781 2010 caede
803 1953 902 2010 Leonis
924 1954 1096 2028 potissimum

121 2035 298 2096 ostenderet.
342 2037 544 2111 Linthpuandus
567 2039 597 2111 3,
621 2037 654 2096 6:
682 2039 760 2096 Unde
782 2039 963 2110 factumest
984 2044 1016 2095 ut
1037 2045 1111 2118 tam

119 2141 180 2196 pro
198 2125 328 2178 caeteris
349 2140 436 2196 puam
452 2140 511 2194 pro
529 2125 689 2196 praeclaro
710 2125 766 2180 doe
776 2126 931 2194 praesenti
947 2122 1093 2194 facinore,

126 2224 187 2264 non
209 2207 298 2263 mutto
314 2213 383 2278 past
404 2224 423 2262 a
443 2207 538 2264 Leone
559 2207 742 2279 Imperatore
757 2213 837 2264 tante
864 2209 1025 2264 donaretur
1045 2207 1095 2263 iro-

126 2307 215 2358 nore,
244 2296 276 2346 ut
298 2306 395 2347 omnes
415 2306 506 2348 nares
527 2295 619 2362 ipsius
645 2297 741 2348 essent
761 2295 791 2348 in
811 2292 954 2361 manibus,
979 2293 1098 2362 eiusque

126 2374 306 2434 iussionibus
332 2376 487 2432 obedirent.
532 2374 564 2432 Et
587 2391 645 2448 cop.
670 2375 703 2430 7:
733 2376 895 2431 Romanum
922 2379 1016 2430 autem
1039 2391 1097 2432 non

129 2462 216 2516 eiuro
237 2461 377 2516 natalium
393 2466 475 2529 ortu,
497 2460 551 2514 sed
570 2462 703 2529 eorporis
717 2460 952 2532 maynunimitate
966 2459 1096 2528 nobilem,
1150 2508 1152 2514 ,

127 2545 246 2600 navalis
262 2545 413 2600 exereitus
425 2546 594 2646 prinoipem
605 2545 760 2600 ordinauit.
1088 2584 1090 2588 r

178 2625 249 2697 54,
271 2627 320 2687 31.
352 2619 434 2682 oi
402 2644 457 2700 μεν
479 2616 536 2683 οὖν
557 2615 635 2684 οὓτω
655 2623 749 2683 ταῦτα
771 2615 860 2702 φασὶ]
884 2624 948 2682 Vide
971 2625 1096 2699 Symeon.

128 2709 252 2784 Logoth
275 2729 303 2768 n.
329 2712 377 2769 10

196 2795 248 2867 55,
273 2797 321 2852 11.
346 2794 377 2852 oi
396 2789 427 2853 δὲ
457 2785 584 2864 ἀλλοίως
606 2787 639 2852 τὸ
661 2792 782 2870 πρᾶγμα
805 2786 978 2870 ἱστόρησαν]
1008 2793 1098 2868 Atque

130 2880 160 2936 iu
182 2881 216 2936 iis
238 2879 440 2954 Liuthprendus
463 2882 555 2938 eiusoe
582 2881 639 2938 oevi
667 2881 786 2954 scriptor
814 2879 848 2955 3,
871 2879 905 2937 8:
935 2877 1003 2935 Cum
1023 2879 1097 2936 Bul·

69 2985 73 2998 ι
130 2967 214 3038 paris
238 2973 396 3038 praeterea
419 2967 565 3040 papnunti
584 2967 684 3024 Iiooae
707 2965 883 3034 domestico,
912 2967 963 3037 qui
986 2968 1097 3035 etipse

131 3042 226 3106 Pater
241 3051 375 3108 Basileus
396 3053 536 3108 ardenter
553 3053 621 3122 fieri
641 3051 789 3122 cupiebat,
812 3052 842 3106 in
863 3052 926 3120 ipso
947 3049 1019 3105 detto
1039 3053 1098 3105 iam

132 3133 313 3192 dedentibus
332 3137 505 3208 triumphum
526 3138 649 3205 tenenti,
674 3136 743 3207 qnid
762 3151 780 3189 a
796 3134 928 3192 Romano
950 3138 1046 3190 aetum
1062 3137 1099 3190 sit

133 3223 296 3276 nuntiatur.
342 3220 397 3288 Qui
420 3237 488 3276 mose
514 3223 609 3277 animo
636 3225 855 3288 consternatus,
883 3221 971 3274 nimio
996 3220 1095 3274 dolore

135 3307 309 3374 compulsus,
331 3304 470 3362 uictoriae
485 3305 595 3378 dunum
611 3321 667 3378 quo
681 3305 778 3362 hostes
791 3302 1007 3375 insequebatur,
1029 3317 1098 3371 pro-

135 3387 216 3456 ieait,
240 3395 322 3462 torpa
339 3393 438 3460 uertit,
464 3397 490 3445 et
505 3405 578 3462 quos
589 3392 675 3460 prius
691 3391 813 3446 adverso
831 3393 924 3444 marte
942 3385 1098 3458 superant,

132 3485 279 3541 prospera
297 3475 476 3546 postmodum
491 3478 706 3551 insequuntur:
729 3479 868 3547 tantaque
889 3479 958 3529 tuno
980 3468 1098 3546 Arpino-
