2532 3844
507 187 557 240 AD
575 189 657 241 VOL
677 190 1105 244 1V.echxxv

137 319 297 383 λεύσασθαι
391 326 430 384 27
453 316 587 402 τελετήν,
617 321 669 384 καὶ
697 318 870 386 ἐπενδόεται
891 319 937 408 τὸ]
968 321 1100 414 τελετήν

140 403 274 468 ἐνδύεται
297 403 329 467 ὀὲ
349 398 390 470 τὸ.

201 488 275 564 149,
298 472 421 574 35λος]
451 483 525 564 όλως
612 483 746 570 ἵμονᾶς
768 515 821 556 om.
910 499 948 557 13
976 491 1102 575 ὁβασι·

138 567 204 651 1263
225 568 311 649 οὗτος
333 591 397 655 post
420 573 582 675 ἱστόρηται
594 575 627 638 δέ
647 599 702 639 om.
740 583 819 642 16
842 583 1043 658 Praeseriptum
1059 585 1103 640 lit·

139 669 203 724 teris
225 666 315 723 rubris
337 662 473 738 βασιλεία
495 652 604 740 μῑχαήλ
624 664 678 724 τοῦ
699 657 883 761 καλαφοὶτον
956 669 995 725 19
1018 685 1103 741 μετα-

136 743 308 826 μελόμενος]
331 741 489 824 μελόμενος
574 751 616 811 30
636 745 871 846 προβάλλονται]
898 751 1101 829 προΐσχονται,

202 829 272 904 150,
295 831 316 894 6
338 853 379 890 τω
404 835 451 898 Μ
474 827 507 891 τὸ
528 823 747 916 σκῆπτρον]
718 854 751 892 το
772 837 927 932 σκήπτρων
946 835 988 916 τῷ
1013 839 1059 894 M

139 923 177 979 11
200 914 256 995 μὲν
277 929 341 1016 post
360 892 502 990 ὕπουλος
529 937 584 978 om.
671 922 710 978 17
737 916 820 1000 περὶ]
850 910 930 997 παρὰ
1018 923 1056 980 21
1087 911 1104 980 ὅ

135 999 190 1080 μὲν
214 990 297 1082 δὲ]
283 1023 300 1062 ο
320 1023 376 1080 μεν
397 994 455 1062 οὖν
541 1006 580 1063 27
604 1003 794 1103 σννθακούν]
818 1005 1007 1066 σννθεοιιοῦν.

1 1139 2 1171 ÷
201 1084 272 1159 151,
295 1085 316 1150 3
338 1080 559 1164 ἐφελκήσωνται
581 1078 761 1166 εὐλαβηθεὶς
783 1082 847 1174 διὰ]
872 1082 1103 1165 ἔφελκήσωνται,

1 1174 2 1184 ³
31 1225 33 1228 .
135 1163 211 1232 ἄλλα
234 1164 284 1230 διὰ
371 1175 410 1233 14
432 1167 605 1271 ὑπεροψίαν
626 1170 837 1248 προσωνείδισε
863 1173 915 1234 καὶ
942 1168 1103 1274 κακοήθως

1 1255 4 1278 1
134 1253 233 1338 ήξλον]
257 1247 458 1355 ὑπεροψίανε
444 1278 460 1316 ο
475 1247 614 1336 βασιλεύς
634 1256 896 1356 προσωνείδισε
863 1280 920 1337 τήν
935 1250 1011 1338 πρὸς
1025 1255 1100 1320 ἐκεῖ·

135 1361 191 1403 νον
217 1341 388 1402 συνέλωσιν
415 1331 595 1420 εὐλαβηθεὶς
627 1343 688 1402 τοῖν
714 1343 832 1403 πολλῶν
859 1341 912 1404 καὶ
940 1339 1103 1420 κακοήθως

134 1419 229 1506 ή.ξίου

1 1511 2 1518 '
107 1558 109 1565 .
167 1508 271 1588 152,
296 1510 379 1584 1εἰς
400 1501 483 1592 τονς]
508 1500 577 1583 τούς
597 1509 638 1582 εἰς
700 1515 738 1572 12
760 1509 933 1592 συμπλέκει]
956 1506 1102 1588 σνμπλοὶτ-

135 1617 177 1655 τει
261 1601 302 1658 14
336 1593 512 1676 καταγορεῑ]
547 1599 709 1694 κατηγορεῖ
792 1601 831 1658 15
864 1597 901 1679 τῇ
931 1595 1016 1676 νήσω
1049 1597 1102 1657 τοῦ

134 1681 292 1762 πρλρκιπος
315 1678 469 1763 λεγομένη]
499 1681 536 1762 τῇ
557 1675 641 1764 νήσῳ
669 1680 706 1761 τή
728 1678 871 1760 λεγομένη
899 1683 953 1742 τοῦ
980 1681 1101 1761 πρίγκι·

138 1786 193 1838 πος
281 1771 319 1826 17
343 1764 517 1864 προγονλας]
540 1765 743 1868 πενταγονίας.

201 1847 269 1920 153,
271 1843 475 1950 6περιδεής
490 1849 533 1930 τε]
558 1843 696 1950 περιδεής
710 1857 755 1924 τϊς
808 1854 846 1910 12
861 1840 1100 1952 τινὲς-ἀφιέν-

134 1935 195 2016 τες]
217 1925 493 2012 τινας-ἀφιέντας
552 1939 593 1997 20
608 1925 868 2036 ἆνερροὶγήσαν]’
852 1930 1059 2016 ανερριήγεσαν

136 2023 177 2080 24
203 2019 532 2124 προσχήρατιοθεῖσαν]
561 2015 619 2098 πρὸ
646 2026 974 2120 μετασχηματισθεῑσαν
1061 2025 1100 2084 26

134 2126 194 2164 των
225 2101 380 2204 πατρῴων
404 2099 497 2180 αὐτῆς
533 2101 729 2184 θεραπόντων
759 2100 1048 2210 παραλαβόντες,’
1031 2106 1100 2182 αφί·

134 2189 237 2296 κοντο]
261 2193 322 2251 τῶν
342 2179 435 2267 αὐτῆς
456 2195 524 2270 θερ.
546 2197 655 2268 παραλ.
677 2192 834 2269 πατρώων,
856 2182 1001 2267 ἆφλκοντο
1060 2196 1101 2254 30

135 2272 186 2336 καὶ
210 2287 271 2336 ante
293 2298 354 2336 των
376 2272 478 2336 τοῦδ
502 2296 557 2340 om.
626 2281 665 2340 31
689 2270 852 2356 Αὐγούστα
874 2288 938 2356 post
961 2273 1101 2354 Θεοδωρα

134 2380 188 2420 om.
275 2365 315 2422 32
338 2367 426 2420 τοῦτο
449 2357 495 2442 δὲ]
520 2357 553 2420 δὲ
574 2381 628 2422 om.

202 2442 278 2513 154.
301 2443 321 2507 3
348 2466 379 2505 τε
400 2458 464 2523 post
492 2437 581 2516 αὐτός
608 2467 662 2506 om.
753 2449 793 2508 10
815 2439 1099 2526 ἔκβεβλήκότα]ἐιι-

134 2528 264 2609 βεβλήμέ
265 2549 318 2590 νον
405 2534 443 2590 17
467 2526 533 2605 περὶ
574 2525 632 2592 ἐπὶ.

200 2611 276 2684 155,
298 2611 321 2676 4
347 2607 530 2695 βραχύτερον
573 2610 621 2674 ἐπὶ
643 2610 826 2715 βραχύτερον
915 2619 932 2676 5
964 2618 1098 2675 Praescri

134 2712 212 2799 ptum
234 2703 333 2760 litteris
349 2702 438 2760 rubris
459 2699 633 2778 βασιλείαζ
611 2702 694 2804 ωής
715 2696 766 2760 καὶ
788 2693 958 2778 θεοδοὶραςι
982 2733 1024 2744 -
1079 2703 1097 2760 7

135 2773 257 2885 ὑπεῖχον
281 2781 452 2866 (lypothetae
474 2776 621 2868 πνοιή]
603 2789 729 2845 νπεῖκον
819 2789 858 2847 10
879 2774 1030 2864 τελετή]
1016 2805 1035 2860 3
1056 2803 1100 2842 τε-

134 2861 203 2945 λετή
290 2873 327 2930 11
351 2872 412 2940 τοῖς
435 2869 601 2950 βασιλενσι]
624 2871 688 2931 τῶν
707 2866 852 2946 βασιλέων
939 2871 978 2928 14
1001 2863 1099 2928 ἐντεῦ-

134 2958 194 3014 θεν
217 2965 279 3012 τωῑε
302 2949 430 3031 ἕντοχίαι
453 2975 506 3014 om.
587 2959 626 3016 19
648 2953 715 3053 τῆς]
739 2955 792 3030 τής
813 2953 868 3012 τοῦ
940 2951 1020 3014 20⁹
1002 2974 1099 3032 ιμεροι

133 3051 198 3117 post
220 3035 329 3110 μὲξεως
352 3059 405 3098 om.
493 3042 533 3100 30
560 3033 761 3118 μαχλοσύναις
781 3035 1013 3118 προσκειμένην]
1044 3061 1099 3116 μα-

135 3116 264 3204 χλοσήνή
285 3121 492 3201 προσκειμένῃ.

199 3203 275 3279 156,
298 3203 363 3268 2
343 3231 382 3278 ως
403 3221 467 3286 post
488 3202 583 3292 τούτῳ
606 3227 660 3267 om.
749 3212 767 3269 8
796 3229 856 3267 των
882 3201 1098 3287 εὐγενονότων]

133 3290 186 3352 και
207 3283 363 3371 εὖγενέτην
450 3297 468 3354 9
491 3287 736 3372 χρηματήσαντα]
760 3293 983 3396 χρήματΐσαντα
1058 3295 1098 3351 22

134 3375 167 3436 δέ
191 3375 263 3478 τισι]
289 3372 326 3455 δή
347 3393 406 3438 τισι
493 3381 532 3439 26
555 3374 708 3454 ἐπανῆλθε
729 3370 804 3455 πρὸς
825 3371 897 3456 τήν]
925 3371 1099 3448 ἐπανῆλθεν

133 3455 228 3532 εἰς
196 3483 259 3538 τήν,
