2532 3844
174 216 365 268 chxxvm
546 217 761 272 ADVOL.1V.

170 351 344 434 στρατευταὶ
436 358 474 413 17
498 353 661 435 στρατίαις]
687 354 851 429 στρατείαις
938 358 976 416 18
998 349 1141 457 μεταγρά-

171 438 292 520 φοντες]
315 432 568 518 μετεμμροὶφοντες
654 442 694 500 26
716 433 967 520 ἀναιρουμένους]
990 434 1140 522 ἅνηρημέ-
1248 420 1251 442 ³

171 545 253 596 νοος.

232 605 284 683 83,
308 606 327 669 7
348 603 541 716 τεταρτηρον]
566 599 738 686 τεταρτερδν
803 611 844 670 20
867 607 917 669 καὶ
940 606 988 688 οἱ]
1012 607 1046 668 οῖ
1064 606 1096 668 δὲ

170 691 211 754 24
238 655 284 774 δ’]
316 689 357 752 δι’
445 696 487 753 30
515 692 542 754 εἰ
567 689 637 774 μὲν]
667 684 761 770 εἰμὴ
847 697 886 754 32
919 685 1055 772 δυ’ναιτο]
1086 691 1138 752 δύ-

170 800 268 838 ναται.

232 860 283 937 84,
306 859 328 924 5
348 860 538 962 τοραννειον]
562 864 702 944 τυραννεῖ
769 867 787 924 6
810 857 1064 940 περιποιήσασθαι
1080 886 1138 940 φο-

168 944 265 1023 λακην
287 937 421 1049 ασφαλιῆ
446 941 568 1022 ἀσφαλῆ
590 941 845 1023 περιποιησασθαι
868 942 1007 1028 φυλακὴν
1099 953 1137 1008 11

164 1024 343 1114 Ὀρόντη]’
327 1027 454 1111 ορρόντη
541 1034 581 1093 25
605 1028 760 1114 τοσουτον]
785 1025 882 1093 τόσον.

152 1112 154 1116 ’
233 1089 283 1187 85,
307 1113 477 1216 2λέγεται]
502 1113 642 1214 λέγεσθαι
730 1119 769 1177 14
791 1115 842 1176 και
864 1128 929 1195 post
948 1115 1139 1195 παρείθησαν

169 1223 222 1262 σω.
311 1204 352 1262 20
380 1191 446 1260 ἀλλ’
470 1212 533 1261 ante
561 1191 598 1262 οδ
625 1223 679 1263 om.
775 1205 813 1262 21
843 1202 886 1283 τῶ
907 1197 1066 1299 Βοδρτζη]
1085 1205 1140 1260 τοδ

168 1280 295 1364 βούρτζη
382 1288 422 1347 26
445 1282 563 1362 ἐξέμηνε
587 1309 661 1346 κατα
683 1285 737 1390 τρῦ
759 1285 902 1383 βασιλέως
924 1285 974 1346 καὶ
995 1307 1070 1365 κατα
1059 1275 1137 1362 δή·

168 1371 240 1454 μου]
263 1362 338 1431 κατῶ
360 1370 414 1429 τοῦ
435 1367 548 1450 βασ.ἕξ
550 1369 639 1449 ε’μηνε
662 1367 711 1431 καὶ
735 1361 811 1430 κατδι
832 1371 885 1430 τοῦ
908 1366 1012 1448 δήμου.

232 1454 347 1532 86,17
372 1453 532 1553 διεδέδοτο]
551 1455 703 1518 διαδέδοτο
756 1459 794 1517 22
806 1455 976 1557 πολεμίων]
1000 1453 1139 1552 πολέμων

209 1546 244 1603 ib.
269 1534 354 1624 αῶτφ
375 1532 557 1621 κάντεῦθεν]
588 1536 755 1601 κδντευθεν
777 1533 862 1624 αὐτῷ
948 1544 988 1600 24
1019 1530 1136 1621 αὐτοῖς]

169 1615 253 1686 αὗτῶ
341 1629 380 1686 27
403 1624 471 1724 τοῦ]
496 1623 529 1684 ἐκ
551 1627 614 1686 τοῦ.

232 1687 304 1783 87,
327 1708 347 1772 9
372 1701 531 1790 Οδμμρων]
562 1701 700 1790 οῶμκρων
787 1711 847 1770 τῶν
869 1723 932 1771 ante
953 1704 1137 1789 Βουλγοὶρων

169 1817 221 1856 om.
296 1799 335 1857 29
359 1792 597 1870 φρικωδέστατος
619 1799 701 1856 habet
722 1798 784 1855 cod.
807 1800 835 1854 in
859 1815 913 1873 mg.
930 1798 989 1856 ead
1006 1816 1042 1854 m.
1058 1815 1134 1872 prae·
1223 1867 1227 1876 ι

167 1886 259 1958 posito
282 1903 346 1960 γρ,
376 1891 422 1939 et
431 1885 459 1938 in
482 1891 558 1939 textu
585 1893 628 1940 est
651 1875 856 1959 φοβερώτατος
942 1884 980 1941 31
1011 1871 1133 1961 δίνεμοι]

171 1962 222 2024 καὶ
243 1959 358 2042 δι’νεμοι.

230 2047 280 2146 88.
304 2047 324 2110 2
350 2048 563 2129 ταμειουλκῶν]
587 2050 764 2126 τϊμϊουλκῶν
845 2051 864 2108 4
885 2039 997 2110 Post
972 2070 1016 2124 ην
1033 2055 1137 2111 omittit

166 2125 241 2193 κατῶ
259 2130 313 2195 τὸν
328 2133 516 2214 Σολομῶντα
537 2129 806 2234 παροιμιαζόμενον
886 2137 905 2195 8
930 2129 1134 2228 ἐνδειξάμενος

166 2217 298 2302 ἐνδειαν]
324 2217 442 2279 ἔνδειαν
458 2213 661 2297 ἐνδειξάμενος
727 2222 765 2280 15
788 2220 819 2278 οἳ
834 2212 872 2294 δη
880 2216 941 2316 γε]
967 2210 1005 2293 δή
1027 2238 1081 2278 om.

168 2307 209 2365 24
232 2302 445 2388 ιστορονμένφ]
468 2299 675 2384 δστερουμένω
738 2297 904 2384 καπηλινή]
927 2293 1079 2379 καπηλική

169 2392 209 2450 25
232 2386 392 2494 ἐπήμυνεν]
411 2364 569 2498 ἐπέμεινεν
661 2392 700 2450 27
730 2385 814 2462 έπιξα
815 2386 884 2468 ίων]
914 2385 1073 2461 έπιξαίνων

168 2478 207 2535 31
231 2473 283 2534 καὶ
305 2474 337 2534 οἱ
355 2471 422 2558 μὲν]
448 2476 480 2536 οἱ
498 2495 553 2550 μεν
575 2465 643 2535 ουν.
1185 2547 1190 2556 ι

231 2556 325 2629 89,1
350 2563 383 2619 εδ
404 2581 459 2638 mg.
480 2577 527 2658 ρη.
552 2559 581 2637 (i
595 2581 620 2620 e.
637 2577 710 2637 σημε
712 2559 806 2634 ίωσαι)
821 2549 997 2635 θαυμαστὸν
1015 2551 1135 2617 ἀστεῖον

168 2645 186 2703 5
214 2635 448 2741 ἀντεφθέγξατο]
479 2635 686 2722 ἀνεφθέγξατο
775 2647 792 2703 7
817 2637 1024 2724 ἐπωμισῶμην]
1055 2639 1135 2702 ἐπω-

167 2722 307 2806 μοσάμην
394 2733 431 2788 11
457 2724 618 2808 ἐρωτικῶς]
643 2717 781 2806 ἐρωτικὸς
870 2733 908 2789 19
931 2724 1063 2806 ἐκτεμεῖν
1085 2725 1136 2787 καὶ

167 2824 231 2890 post
252 2810 418 2892 βασιλείδια
440 2833 494 2873 om.
1242 2829 1243 2832 ’

231 2895 280 2963 90,
304 2891 418 2958 3ῶκει
441 2895 475 2957 δε
496 2886 573 2957 κατὰ
594 2917 627 2956 το
622 2889 730 2975 θέμα
753 2909 817 3040 ρλοεῑ
838 2895 970 2958 ἐκέλευσε
993 2918 1047 2959 om.
1114 2901 1133 2959 8

165 2959 358 3063 οἷπεκοὶλνψε]
379 2977 541 3060 ἐξεκοῖλυψε
630 2986 670 3044 10
692 2981 742 3042 καὶ
764 2980 861 3066 λέμβῳ
884 2976 1055 3060 έμβεβηκῶς
1070 2995 1135 3060 post

165 3067 286 3127 νυκτῶν
308 3087 361 3128 om.
451 3071 489 3127 12
513 3065 587 3128 λέων
602 3063 770 3140 λελαξευται
793 3064 825 3125 ἐν
816 3044 957 3172 αὐτῷ]
965 3064 1040 3128 λέων
1056 3062 1135 3126 ἐστὶν

167 3145 257 3210 ἐν’
220 3152 302 3234 αοτῶ
390 3156 429 3214 13
462 3143 645 3254 κατέχων
614 3173 648 3212 το
677 3150 766 3230 κέρας
788 3145 881 3211 αὐτοῦ
909 3149 960 3210 καὶ
983 3148 1133 3230 περιστρέ-
1242 3223 1243 3226 ¹

165 3235 247 3318 φων]
270 3211 475 3315 κατέχοντι
444 3259 477 3297 το
500 3260 529 3303 κ
552 3230 662 3311 αὐτοῦ,
691 3233 895 3337 περιστρέφων
975 3239 1014 3297 15
1037 3241 1133 3312 καθη·
1181 3268 1183 3273 ·

165 3318 272 3423 μένην]
297 3319 482 3400 καθειμένην
569 3325 610 3382 24
632 3315 805 3424 χαμεῶνην]
823 3315 1005 3399 χαμαιεῶνην
1092 3324 1132 3383 28

166 3399 263 3485 αδτῶ]
297 3401 378 3488 αδτφ
407 3403 528 3483 δεινῶς,
557 3419 585 3466 et
612 3409 645 3465 ad
674 3427 759 3484 marg.
788 3401 937 3481 ἀναίρεσις
964 3405 1018 3464 τοῦ
1046 3405 1134 3482 φωκῶ

165 3502 335 3586 νικηφόρου
357 3516 382 3574 ll
405 3502 506 3589 αδτῶ·
531 3500 604 3569 εἶτα.
