2548 3850
230 902 400 976 clitoni
424 903 657 980 DUOANGII
681 905 964 980 PRAEFATIO.

521 1093 670 1102 —u—

484 1205 706 1260 LECTORI.

174 1328 312 1386 Eiusmodi
334 1339 399 1386 sunt
421 1331 467 1404 qui
490 1330 645 1404 generalem
664 1335 825 1405 praesertim
847 1341 972 1407 spectant
987 1333 1075 1390 histo-

107 1417 191 1477 riam.
220 1414 445 1488 quemadmodum
473 1423 538 1472 sunt
559 1414 679 1471 Zonaras
703 1432 772 1489 quos
799 1417 881 1474 modo
906 1416 1072 1489 recudimus,

15 1503 17 1566 j
106 1499 236 1571 Annales,
254 1508 283 1555 ut
295 1497 444 1556 fusioribus
459 1498 590 1556 illustrari
605 1503 805 1557 commentariis
820 1503 928 1558 minime
944 1499 1075 1557 debeant:

106 1600 169 1640 cum
193 1585 240 1658 qui
262 1583 289 1640 id
311 1583 463 1641 laciendum
485 1583 536 1640 sibi
557 1591 741 1658 proponeret,
763 1585 905 1642 inutilibus
927 1586 1019 1660 potius
1043 1602 1074 1642 ac

106 1670 314 1743 supervacaneis
343 1669 472 1725 lectorem
500 1669 628 1744 fatigaret
657 1667 891 1726 observationibus
925 1685 1007 1743 quam
1035 1669 1074 1726 la·

104 1752 174 1810 hore
202 1754 298 1828 quouis
326 1752 490 1810 sublevaret.
540 1751 575 1809 Ea
604 1755 704 1828 quippe
733 1762 776 1811 est
809 1755 965 1829 scriptionis
993 1755 1074 1810 istius

15 1865 17 1886 ι
104 1838 193 1910 ratio,
215 1845 246 1894 ut
269 1854 338 1911 quae
360 1853 393 1893 er
414 1836 563 1895 Autorilrus
585 1837 783 1913 decerpuntur,
812 1841 982 1915 attingantur
1004 1838 1073 1896 dun·

105 1929 189 1994 taxat,
211 1939 262 1978 uec
282 1923 399 1996 pleniori
421 1925 544 1980 oratione
564 1922 778 1981 conscribantur.
825 1923 959 1982 Continuo
980 1932 1073 1998 gesto·

105 2023 166 2063 rum
190 2008 292 2079 series,
315 2014 343 2063 et
365 2007 516 2065 secuudum
538 2009 669 2065 certiores
692 2017 846 2084 temporum
861 2019 939 2066 notas
955 2008 1072 2083 digesta,

14 2079 16 2132 ἕ
104 2094 133 2148 in
155 2092 211 2148 illis
233 2091 384 2148 attenditur
405 2093 590 2166 potissimum,
613 2092 679 2150 adeo
702 2102 734 2150 ut
755 2095 828 2169 ipsas
850 2094 994 2151 consulere
1017 2094 1071 2149 ori·

104 2178 184 2252 pines
205 2193 318 2233 necesse
340 2175 436 2234 haheat
458 2179 505 2252 qui
527 2178 689 2252 prolixiores
718 2181 863 2253 expetierit
885 2178 1071 2250 narrationem

104 2278 166 2318 cum
190 2277 284 2317 eorum
307 2263 353 2336 qui
376 2261 498 2319 condunt
518 2261 636 2318 Annales
660 2264 835 2337 praecipuum
857 2264 894 2317 sit
917 2261 1072 2332 consilium,

14 2405 16 2416 p
105 2355 135 2402 ut
158 2346 304 2402 universali
326 2345 443 2420 quadam
465 2363 557 2403 rerum
579 2346 739 2420 cognitione
761 2347 873 2404 lectoris
896 2347 1015 2401 animum
1032 2347 1073 2399 in·

14 2427 17 2476 l
103 2429 233 2486 lorment.
274 2429 315 2486 lta
337 2430 456 2487 Zonaras
478 2429 545 2486 illud
566 2429 704 2504 inprimis
720 2429 783 2503 luit,
805 2440 836 2488 ut
851 2439 926 2486 recte
948 2431 978 2485 in
992 2445 1071 2502 prae·

14 2515 19 2572 l
104 2516 206 2572 latione
228 2516 265 2570 ait
286 2514 415 2586 wolfius,
438 2523 561 2587 „certam
584 2513 716 2587 quandam
738 2516 866 2572 distortae
889 2515 966 2588 quasi
981 2513 1071 2593 disci-

103 2599 203 2674 plinam
226 2599 411 2656 constituendi
425 2607 452 2655 et
468 2599 590 2673 dispersa
612 2598 640 2654 in
655 2598 778 2672 plurimis
794 2598 913 2655 membra
935 2606 963 2656 et
977 2605 1070 2672 partes

14 2679 15 2764 J
104 2686 161 2741 eius
183 2685 211 2738 iu
234 2700 317 2739 unum
340 2683 474 2758 quoddam
497 2701 597 2758 corpus
618 2683 768 2758 redigendi.
806 2683 912 2756 lielegit
931 2684 1002 2739 euim
1018 2680 1069 2738 sibl

103 2786 158 2825 nou
187 2770 321 2840 omnium,
348 2769 397 2825 sed
423 2769 627 2842 praecipuarum
643 2771 777 2843 ,gentium
805 2769 950 2838 historias3
980 2783 1070 2842 neque

103 2871 147 2909 eas
176 2869 284 2919 omnes,
313 2853 361 2910 sed
384 2851 424 2909 vel
446 2855 604 2930 praecipuas
630 2854 769 2926 duntaxat,
798 2852 840 2909 vel
868 2869 913 2908 eas
943 2868 1013 2928 quac
1036 2850 1070 2908 ad

103 2938 232 2995 ecclesiae
254 2939 353 2994 scriem
374 2937 588 3012 perspiciendam
611 2938 700 2996 iacere
723 2936 921 2996 videbantur“.
966 2936 994 2992 ln
1018 2937 1069 2992 hac

101 3023 187 3097 igitur
210 3030 252 3078 tot
273 3030 417 3079 eventuum
440 3031 522 3096 atque
544 3039 635 3078 rerum
650 3007 830 3097 expositione,
855 3037 933 3095 quam
949 3021 1068 3078 Annales

102 3107 330 3181 complectuntur,
353 3109 399 3182 qui
421 3107 515 3162 mundi
537 3107 683 3180 primordia
704 3109 859 3180 veterisque
874 3105 1003 3162 loedoria
1022 3104 1067 3160 ili·

101 3193 216 3264 storias,
245 3208 315 3266 quae
342 3207 375 3248 ex
402 3193 485 3248 sacris
513 3190 601 3247 Libris
628 3200 656 3248 et
684 3207 718 3248 er
744 3191 860 3265 losepho
889 3207 919 3247 ac
945 3191 1067 3264 Georgio

14 3293 15 3296 ¹
101 3275 245 3350 syncello;
274 3284 386 3334 autres
410 3277 581 3332 Graecanicas
604 3276 645 3332 vel
670 3277 750 3332 etiam
773 3275 905 3333 Romanas
933 3292 983 3332 seu
1006 3273 1067 3330 flci-

99 3358 222 3432 publicae
250 3377 298 3417 seu
325 3360 433 3436 lmperii
460 3367 585 3434 tempora
613 3367 789 3434 spectantur,
823 3377 854 3417 ex
882 3357 1065 3433 scriptoribus

14 3463 16 3468 ’
100 3445 183 3500 reiert
204 3445 336 3518 Zonaras,
359 3463 419 3502 cum
442 3447 474 3501 iis
496 3444 621 3501 coulerre
645 3445 726 3503 vellet
747 3462 778 3502 ao
799 3462 894 3505 eorum
916 3443 1065 3500 autoritate

101 3525 207 3587 firmare
230 3531 277 3604 qui
297 3530 418 3603 singulas
442 3547 474 3588 en
496 3529 623 3603 professo
638 3537 838 3606 pertractarunt
861 3529 902 3584 vel
924 3542 992 3600 quac
1016 3524 1062 3579 ille

823 3621 863 3676 1*
