2548 3850
159 235 200 299 26
501 233 780 287 annonarrouus

160 377 193 433 ad
216 375 362 450 Vopiscum
384 375 411 430 in
435 373 513 443 Caro,
536 375 583 448 qui
604 374 678 430 illius
694 377 808 448 patriam
831 377 961 432 incertam
979 375 1065 432 tuisse
1080 378 1128 450 ait,
1253 362 1263 451 ξ

109 471 142 519 et
161 468 190 518 et
211 461 311 518 Rornae
333 466 425 516 uatum
447 458 531 514 rideri
554 459 623 516 vult.
660 460 694 516 At
710 469 825 534 uterque
842 460 934 518 Victor
956 467 983 516 et
999 459 1128 518 Sidonius
1255 458 1260 471 '

159 543 283 602 Narbone
305 540 429 620 genitum
452 542 581 600 scribunt.
626 541 743 600 Wellius
768 546 874 602 Colotes
897 553 1026 600 verterat.

225 628 370 700 160,10.
400 619 598 704 Κώνστανια]
623 627 661 684 lta
682 627 798 684 Zonaras
822 629 1010 687 Constantem
1032 645 1129 702 perpe·

161 722 208 771 tuo
229 720 306 771 vocat
328 729 409 787 quem
430 711 473 769 alii
489 711 690 768 Constantium:
714 713 940 786 quemadmodum
962 715 1042 770 etiam
1057 712 1128 770 Cou-

159 799 294 855 stantiuus
316 797 487 871 Porphyrog·
510 795 557 852 lib.
582 796 616 852 de
638 796 714 853 Adm.
738 797 803 872 lmp.
828 815 886 872 cap.
904 797 954 854 ult.
976 806 1005 854 et
1020 797 1129 854 bienaea

160 882 225 939 11111.
250 881 319 940 blaii.

227 965 297 1040 160,
320 967 369 1024 23.
399 961 491 1021 τινῶν
514 960 698 1042 Γεντιανῶν]
724 965 789 1022 Vide
805 965 975 1041 scaligerum
997 966 1030 1022 ad
1045 965 1129 1024 Euse-

160 1051 283 1126 biump.
309 1050 379 1108 243.
403 1051 468 1108 edit.
490 1066 545 1106 seo.

226 1134 379 1207 162,11.
410 1121 484 1191 itti
505 1129 755 1212 προσκυνεῖσθαι]
784 1135 841 1190 Ιι1’
834 1151 922 1208 ipsum
944 1143 1054 1191 narrant
1076 1107 1129 1190 liu·

162 1221 267 1294 tropius
291 1217 378 1294 (cuius
400 1221 577 1294 interpretem
600 1219 743 1276 Paeonium
766 1220 809 1276 616
831 1221 989 1293 exscripsit,
1013 1227 1043 1275 ut
1066 1217 1130 1275 aiibi

162 1320 258 1378 saepe,
287 1300 429 1377 Zonaras),
459 1304 585 1360 Aurelius
610 1304 701 1360 Victor
723 1311 751 1362 et
772 1302 933 1360 Eusebius
925 1321 953 1360 ιιι
976 1303 1128 1360 Chronico:

162 1396 243 1462 atque
265 1388 332 1446 adeo
348 1390 503 1446 Ammianus
525 1387 571 1444 lib.
591 1387 639 1445 15.
672 1388 800 1446 Omnium
817 1392 931 1460 primas
951 1395 1052 1445 extero
1070 1392 1131 1446 ritu

163 1480 190 1530 et
205 1477 284 1547 repio
299 1491 378 1532 more
392 1477 512 1531 instituit
527 1476 663 1546 odorari,
684 1490 749 1531 eam
763 1489 878 1545 semper
892 1480 981 1530 anteo
1002 1475 1042 1530 od
1054 1476 1131 1530 simi·

162 1559 309 1616 titudinem
323 1561 449 1616 iudicum
464 1560 605 1616 salutatos
621 1556 772 1630 Principes
786 1561 947 1632 deperimus.

206 1643 303 1736 162,
328 1643 378 1701 28.
413 1636 483 1712 τοὺς
512 1635 544 1697 m
569 1634 659 1715 τύχης
681 1633 847 1718 ἰδιώτιδος]
886 1641 1076 1714 1161661618,
1100 1640 1131 1696 2.

162 1714 232 1795 τούς
255 1720 287 1784 δὲ
309 1720 394 1784 tvi
363 1723 455 1784 οἰίκετ
455 1745 504 1794 αις
526 1719 698 1797 ἐλευθερίας
719 1726 900 1800 στερεῖσθαι.
1059 1742 1061 1746 ’

162 1861 166 1870 .
230 1805 450 1882 163,10.ἐν
479 1806 681 1889 Νικομηδείᾳ]
715 1811 765 1868 Ubi
793 1811 893 1868 Palatia
921 1817 1133 1868 construxerant

163 1896 342 1969 Imperatores
371 1903 433 1953 ante
455 1896 664 1969 Diocletianum,
694 1903 724 1952 ut
749 1897 850 1954 indicat
872 1895 998 1952 Socrates
1026 1895 1074 1952 lib.
1102 1896 1130 1952 1.

163 1979 234 2036 llist.
257 1978 327 2036 Eecl.
351 1996 410 2054 cap.
435 1980 464 2038 6.
511 1979 575 2037 Vide
597 1989 718 2038 nostram
740 1981 1003 2054 Constantinopolim
1030 1979 1076 2036 lib.
1100 1979 1131 2036 4.

164 2071 231 2122 sect.
257 2063 307 2121 13.
330 2081 359 2120 n.
375 2064 404 2120 4.
449 2063 529 2121 Aliud
551 2065 683 2122 Palatium
703 2072 843 2140 praeterea
864 2063 1035 2123 Nicomediae
1057 2063 1131 2122 aedi·

165 2147 253 2204 dicavit
275 2148 468 2206 Coustantinus
487 2150 601 2207 Heraclii
625 2150 709 2222 lilius,
736 2150 845 2224 Nicepb.
868 2149 917 2206 CP.

230 2231 302 2306 166,
324 2226 396 2290 7.
381 2223 717 2312 ομὲνγὰρΕὐσέβιος]
742 2233 873 2291 Eusebius
895 2233 943 2293 lib.
960 2233 989 2291 8.
1013 2249 1072 2306 cap.
1093 2231 1131 2290 13

164 2324 192 2374 61
215 2318 242 2373 in
265 2317 338 2375 Orat.
362 2317 530 2376 Constantini
553 2320 586 2376 ad
609 2320 770 2376 Sanctorum
791 2320 902 2375 coetum
929 2335 988 2392 cap.
1011 2315 1061 2388 16,
1085 2313 1132 2372 ubi

162 2401 348 2462 consulendus
371 2403 500 2462 Valesius.
547 2404 611 2460 Vide
633 2411 774 2478 praeterea
790 2401 959 2459 lactantium
973 2402 1007 2458 de
1023 2399 1131 2457 liertib.

164 2487 335 2552 Persecutor
358 2503 416 2562 cap.
439 2488 490 2546 42.

231 2571 302 2643 168,
328 2570 377 2628 14.
407 2560 460 2628 τὸν
482 2567 660 2648 Λικίννιον]
683 2570 783 2628 Scribit
805 2571 993 2646 Anonymus
986 2588 1014 2628 m
1037 2568 1133 2628 vitaS.

167 2655 262 2712 basilei
284 2657 487 2732 drcbiepiscopi
509 2659 635 2715 dmaaeui
657 2673 683 2713 n.
701 2654 720 2712 6
742 2653 815 2713 616.
838 2655 969 2716 bioiuium
990 2654 1133 2710 simulasse

165 2757 195 2796 se
218 2756 278 2796 esse
301 2739 492 2813 Christianum,
516 2751 546 2798 ut
568 2741 751 2798 Constantiam
775 2739 945 2798 Constantini
959 2739 992 2796 ld.
1010 2753 1135 2794 sororem

164 2826 193 2880 iu
215 2839 327 2880 uxorem
349 2824 503 2896 obtineret,
530 2832 558 2882 et
585 2826 684 2900 adepto
707 2826 821 2899 imperio
843 2825 871 2880 in
894 2823 1004 2880 Oriente
1031 2822 1064 2880 td
1086 2839 1134 2878 vo·

165 2909 261 2964 mitum
282 2908 404 2967 rediisse.
449 2911 528 2968 Certe
556 2910 750 2966 Constantinus
772 2909 1006 2966 Christianismum
1033 2907 1134 2981 ample·
1258 2948 1263 2971 ,

165 3009 215 3048 xus
237 2992 327 3048 iuerat
353 3002 416 3051 ante
439 2997 535 3051 initum
563 2997 635 3052 iuter
663 2993 794 3050 Licinium
822 3002 850 3050 et
872 2993 1057 3051 Constantiam
1079 3007 1134 3047 ma·

167 3078 323 3134 trimouium
352 3094 393 3135 an.
418 3079 490 3138 313.
535 3080 632 3136 Verum
662 3077 756 3135 scribit
785 3077 936 3135 Lactantius
965 3079 994 3134 in
1021 3075 1067 3133 lib.
1099 3075 1134 3132 de

165 3160 273 3218 liortib.
296 3161 465 3221 Persecutor.
490 3182 516 3220 ιι.
538 3163 589 3223 46.
613 3163 654 3222 47
682 3170 710 3218 et
733 3161 774 3219 48
797 3163 934 3237 aliquanto
962 3169 1027 3237 post
1052 3162 1135 3218 initas

166 3263 228 3303 cum
249 3263 345 3303 sorore
366 3247 536 3306 Constantini
557 3251 682 3323 nuptias,
705 3264 736 3304 ac
756 3264 818 3304 eum
840 3247 982 3304 biarimiuo
1004 3262 1136 3320 congres-

166 3347 270 3404 surum,
293 3347 388 3389 semno
411 3335 554 3405 monitum,
576 3333 712 3390 Christum
734 3334 884 3403 invocasse,
908 3330 1071 3404 dedisseque
1091 3329 1135 3386 111-

167 3423 237 3474 teras
266 3417 299 3473 ad
326 3417 525 3474 Provinciarum
552 3418 692 3476 Praesides
721 3416 755 3473 de
777 3416 953 3474 restituendis
976 3413 1136 3474 Christianis

166 3499 304 3574 Ecclesiis,
327 3501 505 3559 Constantino
528 3510 556 3559 et
577 3504 638 3576 ipso
660 3503 771 3559 tertium
791 3501 868 3560 Coss.
