2550 3854
538 160 586 212 55
605 159 686 210 vor..
705 159 757 210 111.
1072 158 1131 226 101

167 298 394 360 [scuranum.
434 299 459 356 ls
481 316 496 356 a
517 299 640 374 bulgaris
662 306 758 372 postea
781 299 919 356 Thraciam
942 299 1131 358 invadentibus

166 403 209 444 an.
233 385 293 444 561
322 393 417 460 captus
446 391 474 440 et
496 384 641 440 distractus
670 389 722 440 est.
767 382 898 457 loannes,
927 401 1007 460 quem
1030 383 1131 459 absque

166 471 223 528 ullo
248 469 328 527 titulo
351 469 473 526 nominat
495 467 678 538 Marcellinus,
700 467 793 524 Victor
815 485 879 524 vero
901 469 1011 526 militiae
1033 469 1131 526 Ducem

165 559 194 613 15
215 555 305 612 Africa
327 553 413 610 luisse
435 551 547 626 scribit,
570 553 765 627 congressione
788 553 859 610 iacta
880 554 908 608 in
930 561 1014 628 portu
1036 553 1132 626 Tucca,

166 641 290 697 Stotzam
311 639 436 712 perimit,
466 639 524 712 ipse
546 654 610 696 vero
633 637 666 693 ab
689 638 748 693 eius
771 639 906 712 armigero
934 638 1067 694 occiditur
1089 654 1132 694 55.

167 723 239 782 545.
284 722 338 780 Sed
360 739 421 780 cum
445 721 533 778 tradat
555 721 626 778 idem
649 721 819 778 Marcellinus
849 739 919 778 anno
942 714 1067 796 sequenti
1091 738 1134 778 re·

167 816 292 866 uocatum
314 807 452 881 Sergium,
474 808 608 864 incertum
632 806 750 862 555555
770 805 930 882 dignitatem
954 822 1059 864 summo
1074 807 1133 862 iure

170 894 328 950 obtinuerit.
374 890 510 949 Revocato
533 892 618 966 igitur
640 890 749 964 Sergio,
772 890 955 964 hosobindas,
979 899 1061 964 nepte
1083 890 1134 948 lm·

168 979 302 1053 portitoris
333 981 458 1048 accepte,
488 975 615 1050 dirigitur
636 977 664 1032 in
687 974 821 1045 iliricum,
848 975 939 1050 ibique
967 991 1038 1031 auno
1062 973 1133 1036 547.

168 1062 331 1136 Carthagine
355 1061 426 1116 iutra
448 1059 579 1116 Palatium
602 1059 736 1117 occiditur
758 1058 947 1132 aGuntbario,
969 1075 1058 1134 reguo
1073 1075 1136 1116 cum

169 1145 310 1222 tyrannide
337 1153 495 1218 assumpto:
524 1161 604 1218 quem
633 1144 800 1218 Carthaginis
828 1144 886 1200 Mur
914 1145 1064 1202 Artabanus
1093 1143 1133 1202 36

169 1233 248 1305 regui
268 1231 310 1286 sui
333 1229 375 1285 die
398 1229 576 1302 prandentem
605 1229 757 1302 interiecit,
785 1229 885 1286 loauue
907 1232 1019 1304 iusuper
1041 1229 1135 1285 Stotzu

168 1317 275 1373 iuniore
297 1315 388 1370 vincto
411 1311 444 1368 ad
465 1311 616 1387 Principem
643 1314 737 1370 misso.
782 1312 855 1370 idem
877 1314 1028 1370 Artabanus
1051 1317 1135 1370 Areo·

168 1399 265 1457 515155
291 1397 324 1454 55
346 1397 513 1472 Imperatore
539 1395 692 1470 sufficitur,
721 1413 776 1472 quo
804 1405 869 1472 post
895 1398 1049 1472 aliquantos
1077 1397 1134 1453 dies

168 1485 325 1541 missionem
346 1481 498 1556 flagitante,
521 1483 638 1538 mittitur
659 1484 687 1541 15
703 1481 819 1538 Airicam
834 1481 960 1556 loannes,
983 1483 1067 1556 Pappi
1082 1480 1134 1537 ira·

169 1577 229 1641 ter,
259 1569 306 1642 qui
328 1565 436 1622 Mauros
459 1565 563 1622 domuit
590 1583 633 1623 an.
657 1565 728 1624 551.
774 1565 929 1640 iterumque
957 1585 998 1622 au.
1023 1564 1084 1624 562
1107 1567 1135 1622 iu

172 1655 249 1711 cuius
271 1650 420 1707 subsidium
444 1666 506 1708 cum
529 1651 616 1708 valido
639 1651 759 1708 exercitu
781 1651 854 1708 misit
875 1651 1041 1707 iustiniauus
1066 1649 1135 1706 Mar·

170 1739 291 1809 sianum,
315 1751 347 1792 ex
370 1733 454 1790 fratre
477 1742 523 1790 aut
545 1751 641 1792 sorore
663 1743 806 1811 nepotem,
828 1735 987 1810 Magistrum
1008 1735 1135 1808 militnm,

171 1824 217 1896 qui
245 1836 339 1896 pacem
367 1817 473 1875 Airicae
507 1819 636 1877 reddidit.
685 1821 786 1877 Exhinc
819 1821 924 1895 aliquot
956 1820 1000 1876 alii
1030 1819 1136 1876 Africae

170 1907 313 1964 Praetores
336 1913 364 1961 et
385 1902 493 1960 Patricii
509 1913 687 1962 recensentur
701 1904 752 1962 suh
767 1904 871 1962 lustino
887 1907 993 1964 iuniore
1008 1921 1022 1960 a
1037 1905 1136 1961 loeuue

169 1991 339 2062 biclariensi,
371 1997 454 2064 atque
481 1989 509 2044 in
537 1990 579 2046 his
608 1989 769 2048 Theodorus
802 1989 958 2048 Praefectus
990 1989 1093 2046 Airicae
1121 2005 1135 2043 a

170 2075 269 2132 Mauris
292 2073 455 2131 interiectus
484 2072 535 2130 suh
557 2091 600 2132 au.
623 2073 694 2133 567.
740 2075 916 2133 'theoctistus
939 2075 1066 2148 Magister
1089 2075 1143 2128 551--

171 2162 250 2218 litum
277 2158 433 2215 Provinciae
455 2157 610 2232 Africanae,
644 2162 690 2234 qui
719 2177 733 2216 a
760 2159 859 2216 Mauris
891 2159 963 2216 bello
993 2165 1137 2234 superatus
1178 2157 1182 2165 “

172 2244 284 2320 perinde
313 2243 417 2300 interiit
444 2240 495 2298 sub
524 2259 623 2299 annum
652 2243 723 2302 568.
768 2242 801 2300 m
829 2243 972 2313 Amabilis,
1001 2242 1137 2300 ablaunis

174 2347 246 2386 auno
270 2329 396 2402 sequenti
418 2329 522 2400 pariter
536 2328 726 2403 interemptus.
765 2327 832 2384 Post
847 2328 920 2384 hunc
935 2328 1054 2383 occurrit
1069 2327 1139 2381 Gen·

177 2413 276 2470 nudius
299 2413 428 2488 Magister
450 2410 567 2468 militum
589 2413 617 2468 15
639 2413 737 2476 Africa,
762 2414 818 2486 qui,
841 2421 873 2469 ut
896 2411 989 2468 scribit
1010 2410 1080 2466 idem
1096 2410 1139 2466 Vi·

175 2507 246 2571 ctor,
270 2497 378 2553 Mauros
401 2495 509 2568 delevit,
532 2503 560 2552 et
583 2495 735 2554 Gasmulem
757 2497 935 2553 fortissimum
956 2495 1069 2570 Regem,
1094 2496 1140 2567 qui

174 2585 226 2638 iam
251 2591 305 2638 tres
329 2582 411 2638 duces
433 2581 559 2655 superius
581 2589 745 2639 memoratos
766 2581 877 2637 Romani
900 2579 1034 2636 exercitus
1056 2579 1140 2635 inter·

174 2667 292 2740 iecerat,
320 2665 394 2723 bello
417 2666 563 2739 superavit,
586 2673 613 2722 et
635 2669 723 2740 ipsum
753 2665 854 2740 Regem
877 2663 968 2740 gladio
990 2662 1138 2735 interiecit,

174 2767 218 2807 55.
243 2751 261 2808 2
284 2750 384 2808 Tiberii
407 2750 534 2824 Augusti.
570 2749 738 2808 Memoratur
759 2749 856 2807 deiude
879 2749 1017 2805 Heraclius
1033 2747 1139 2804 Airicae

173 2835 304 2892 Patricius
333 2843 361 2892 et
383 2834 512 2908 Magister
538 2835 653 2892 militum
682 2853 724 2892 55.
749 2835 767 2893 6
796 2835 917 2907 Phocae,
945 2832 1060 2890 Heraclii
1089 2831 1139 2887 lm·

172 2921 306 2996 peratoris
321 2929 408 2994 pater,
431 2919 501 2992 apud
518 2919 721 2994 Theophanem,
743 2927 882 2977 auctorem
898 2915 1027 2976 Chronici
1044 2916 1139 2972 Orien·

171 3005 245 3077 talis,
269 3014 297 3062 et
319 3005 397 3078 aiios,
420 3002 471 3060 suh
494 3019 549 3080 quo
574 3004 648 3062 iliius
671 3005 760 3082 irater¹
779 3004 942 3078 Gregorius,
964 3019 1013 3058 seu
1036 3009 1067 3058 ut
1081 3000 1138 3057 aliis

173 3091 339 3167 appellatur,
368 3091 520 3164 Gregcras,
542 3091 625 3164 legati
653 3105 751 3148 munus
774 3088 850 3146 obiit.
894 3087 1014 3162 lienique
1036 3085 1140 3160 Grego-

173 3176 230 3232 rius
252 3175 357 3232 Airicae
379 3175 511 3233 Patricius
534 3183 701 3231 memoratur
723 3191 737 3230 a
760 3173 935 3248 Theophane,
959 3172 1004 3246 qui
1027 3167 1145 3226 55555

175 3257 329 3320 Constantis
351 3262 378 3316 15
402 3277 431 3316 ea
453 3257 593 3316 Provincia
618 3259 779 3316 seditionem
805 3259 903 3315 movit:
934 3264 962 3313 et
984 3271 1058 3316 5555Ι
1076 3270 1140 3328 pro-

175 3347 244 3401 xime
265 3347 391 3418 sequenti
415 3345 448 3402 ab
463 3341 594 3400 Arabibus
610 3343 725 3401 Africam
746 3341 947 3400 incursantibus
969 3339 1065 3416 pulsus
1087 3346 1138 3408 est,

176 3429 281 3486 tributo
309 3428 518 3489 Prouincialibus
550 3425 688 3502 imposito.
738 3428 819 3484 istius
848 3427 971 3501 Gregorii
1001 3429 1140 3498 praeterea
