2548 3850
174 203 217 268 40
521 205 803 258 ANNOTATIONES

176 350 248 416 eiua,
271 349 330 403 α’νο
345 353 376 403 ut
391 347 450 414 olii,
473 349 530 403 iem
546 349 711 418 repudiata.
743 339 954 422 ἐκβεβλημένη,
978 351 1103 420 expulsa
1126 367 1143 406 e

175 429 299 500 Palatio,
324 431 521 504 interpretatus
543 439 586 488 est
608 429 739 488 ilenricus
760 431 891 488 Valesius.
934 432 1055 490 Decessit
1077 450 1142 491 vero

175 513 275 571 Helena
292 522 438 589 postquam
459 515 578 571 lulianus
601 515 633 572 ab
656 517 776 572 exercitu
792 524 898 573 creatus
915 523 974 574 erat
990 517 1141 592 Augustus,

175 607 205 656 ut
228 607 343 656 testatur
364 601 423 674 ipse
445 599 564 656 lulianus
587 601 614 656 in
636 598 721 674 Epist.
742 601 773 656 ad
797 601 896 658 Athen.

239 684 311 754 206,
335 684 384 742 31.
416 689 470 757 της
492 679 650 759 γενεθλίου
670 681 724 740 τοῦ
746 680 894 762 σωτῆρος]
917 687 1072 742 Ammianus
1095 685 1140 743 lib.

174 768 212 826 21
241 770 277 825 ait
300 769 431 826 lulianum
454 769 611 826 solemniter
632 771 660 825 in
680 767 827 828 Ecclesiam
849 787 1026 845 progressum
1046 771 1141 843 feria·

173 872 238 911 rum
253 856 306 920 die,
331 869 413 926 quem
429 856 611 912 celebrantes
625 870 722 912 mense
737 855 879 913 Ιοκαακνο
897 856 1054 913 Christiani
1068 857 1140 927 Epi·

170 940 282 1010 phania
298 941 438 996 dictitant.
483 937 547 994 Vide
565 939 698 996 Valesium
721 939 842 996 adhunc
863 940 965 1012 locum,
989 948 1016 996 et
1035 947 1140 996 utrum·

174 1039 227 1098 que
250 1031 373 1080 nostrum
397 1022 573 1079 Glossarium.

239 1106 378 1178 207,10.
408 1095 484 1175 Ζεύς
505 1096 592 1184 όταν]
616 1107 731 1164 llosdem
753 1125 846 1165 versus
869 1109 966 1166 recitat
988 1110 1067 1165 etiam
1087 1108 1139 1165 Zo-

175 1193 276 1264 simus,
305 1191 375 1266 apud
405 1208 486 1266 quem
513 1193 551 1249 ita
577 1192 713 1249 secundus
743 1193 858 1268 legitur:
889 1191 1077 1270 παρθενικῆς
1107 1186 1140 1252 δὲ

173 1266 291 1353 Κρόνος
312 1270 402 1356 μοίρη
414 1272 515 1376 βαίνη
537 1269 586 1332 ἐπὶ
608 1271 694 1334 πέντε
716 1272 844 1358 εἰκοστῇ.

238 1360 311 1434 207,
328 1361 377 1420 19.
407 1353 439 1416 έν
455 1332 572 1432 Μέψον
588 1353 699 1461 κρηνη]
724 1362 790 1418 Vide
807 1361 973 1436 Scaligerum
989 1362 1022 1419 ad
1039 1362 1137 1420 Euseb.

238 1440 560 1521 208,1.προσέθετο
589 1447 650 1514 τοῖς
670 1419 887 1524 ολρειανίζουσι]
918 1447 985 1504 llinc
1006 1446 1141 1504 Eusebius

173 1531 201 1586 in
224 1529 368 1600 Chronico,
392 1530 490 1607 quibus
512 1532 689 1589 consentiunt
711 1533 843 1604 historici,
866 1535 1038 1604 impietatem
1053 1535 1140 1589 Ario·

173 1633 256 1688 nam,
279 1615 438 1674 Constantii
450 1615 644 1688 Imperatoris
660 1617 769 1689 sultam
780 1618 947 1688 praesidio,
970 1618 1141 1674 carceribus

174 1707 201 1757 et
216 1701 307 1758 vertis
322 1701 515 1775 afflictionum
530 1704 620 1760 modic
635 1717 732 1758 omnes
747 1720 805 1759 non
820 1717 890 1759 suae
902 1705 1001 1773 portis
1015 1702 1137 1774 Episco-

169 1801 224 1856 pos
248 1792 437 1856 persecutam
459 1785 563 1842 scribit.
608 1785 677 1842 Hinc
705 1788 785 1843 etiam
813 1785 999 1844 crebrissimae
1020 1785 1137 1843 Lucileri

172 1867 314 1925 Calaritani
336 1871 363 1925 in
386 1869 572 1926 constantium
595 1871 835 1944 expostulationes.

236 1945 307 2024 208,
333 1954 382 2012 23.
414 1949 549 2031 Παῦλος]
573 1955 650 2012 Socr.
675 1955 704 2028 2,
728 1955 748 2011 4
771 1963 798 2012 et
821 1955 848 2014 5.
883 1955 1042 2015 'lheodorit
1060 1955 1089 2025 2,
1106 1952 1136 2012 5.

171 2037 280 2094 Sozom.
304 2038 335 2111 3,
358 2039 385 2096 3.
416 2038 526 2114 Nicepb.
544 2039 573 2112 9,
590 2040 619 2096 4.
643 2041 801 2114 Theophau.
825 2059 852 2115 p.
870 2039 919 2098 31.
943 2039 994 2096 32.
1028 2039 1136 2096 blenaea

136 2193 140 2200 Ι
172 2131 200 2178 et
222 2121 365 2196 Synanaria
387 2123 419 2179 ad
443 2123 471 2181 6.
495 2123 636 2181 Novembr

235 2205 364 2280 209,1.
406 2202 647 2303 Μακειλόνιος]
650 2209 709 2266 Vita
736 2226 788 2267 ms.
817 2207 845 2266 S.
867 2208 943 2265 Pauli
969 2208 1043 2265 Patr.
1067 2207 1137 2264 Con·

170 2293 347 2366 stantinopol.
371 2293 405 2351 de
420 2292 594 2351 llacedonio:
617 2281 695 2350 obruo
709 2290 812 2350 τοίνυν
833 2294 897 2361 ταῖς
919 2289 979 2349 τῶν
993 2292 1138 2370 Χριστια-

170 2373 233 2434 νοῦν
253 2378 383 2471 σφαγαῖς
410 2366 426 2434 ὃ
450 2378 501 2452 τῆς
524 2371 681 2453 ἐκκλησίας
709 2365 824 2478 ἐχθρὸς
846 2379 907 2446 τοῖς
931 2372 1135 2471 έκκληριαστι

170 2462 234 2528 κοῖς
266 2456 390 2536 θρόνοις
423 2453 666 2538 έγκαθιδρύεται·
703 2454 775 2519 καθ’
808 2451 845 2519 bv
879 2450 916 2535 δη
948 2448 1055 2532 καιρὸν
1084 2455 1135 2518 καί

169 2537 373 2616 Κωνσταντιος
395 2540 452 2622 τὴν
473 2542 606 2624 μεγάλην
628 2541 798 2622 ἐκκλησίαν,
821 2539 979 2621 έκώννμον
1003 2540 1035 2604 δέ
1055 2535 1135 2626 αὕτη

167 2621 188 2703 ἡ
213 2635 268 2688 τοῦ
292 2629 370 2689 beor]
394 2629 511 2705 Σοφία,
535 2634 680 2709 νεουρηεῖ.

234 2717 310 2788 209,
335 2718 384 2775 13.
423 2706 577 2796 Ἀνδρέου]
612 2720 649 2788 lte
677 2720 727 2776 hac
754 2718 931 2774 translatione
959 2717 1135 2791 reliquiarum

116 2801 150 2852 35
168 2799 215 2860 SS.
239 2801 361 2858 Andreae
383 2809 411 2857 et
432 2801 520 2860 Lucae
543 2804 678 2878 agimus
670 2810 808 2860 innostra
823 2801 1056 2876 Constantinopoli
1078 2800 1098 2858 l.
1114 2800 1134 2856 4

167 2895 234 2946 sect.
259 2885 289 2956 b,
317 2887 345 2942 iu
368 2888 444 2943 cuius
468 2887 575 2962 quidem
598 2887 626 2944 S.
649 2887 772 2945 Andreae
800 2889 966 2944 mentionem
993 2903 1053 2943 cum
1081 2885 1135 2942 hoe

167 2969 229 3027 loco
258 2969 431 3027 inciderimus
461 2988 558 3046 operae
586 2973 704 3046 pretium
732 2972 839 3028 videtur
870 2987 981 3028 mouere
1003 2971 1134 3027 lectorem

166 3055 193 3110 in
217 3053 312 3110 eodem
335 3070 433 3129 opere,
462 3056 610 3132 eademque
633 3058 765 3114 sectione
782 3074 809 3112 n.
834 3055 852 3114 5
875 3071 1017 3131 perperam
1040 3053 1133 3110 aedem

167 3137 195 3195 S.
220 3137 341 3196 Andreae
363 3136 416 3213 τῆς
438 3137 584 3214 Κρίσεας,
608 3141 651 3198 vel
673 3133 705 3195 έν
727 3138 846 3218 Κρίσει,
869 3142 940 3197 iuter
961 3139 1042 3196 aedes
1063 3140 1135 3195 eius·

166 3223 227 3280 dem
250 3223 374 3297 Apostoli
396 3227 557 3299 repositam,
587 3243 649 3283 oum
670 3227 694 3282 is
716 3227 752 3283 sit
774 3226 910 3296 Andreas,
939 3225 986 3299 qui
1009 3223 1059 3280 sub
1083 3221 1135 3278 Co·

165 3324 301 3382 pronymo
323 3308 407 3364 multa
431 3309 464 3366 ob
487 3311 590 3367 cultum
614 3327 750 3368 sacrarum
771 3312 919 3386 imaginum
942 3325 1037 3384 passus
1060 3313 1133 3381 aty-

164 3408 266 3466 ranno,
295 3393 323 3448 in
346 3392 412 3450 urbe
435 3404 560 3452 mortuus
582 3404 634 3456 est.
678 3395 753 3452 llllus
780 3397 862 3452 vitam
884 3395 1029 3468 descripsit
1051 3391 1134 3449 Meta·

165 3478 302 3552 phrastes,
325 3477 424 3536 lustum
447 3496 512 3536 vero
532 3488 617 3555 agunt
633 3480 726 3538 Graeci
751 3481 799 3538 17.
816 3479 929 3538 Octobr.
960 3478 1029 3536 Huic
1047 3478 1135 3552 igitur
