2548 3850
166 233 209 298 28
511 229 791 285 nuuounrrouns

237 373 314 441 179,
338 373 368 431 7.
397 360 482 439 atala
511 363 543 428 δὲ
568 364 602 427 ἐκ
626 359 768 442 Φαύστης
796 363 925 445 ἐγείνατο
948 365 1039 446 τρεῖς]
1069 371 1136 426 'lres

167 458 317 533 palmarum
346 457 472 513 surculos
500 464 610 512 aterra
632 463 794 530 surgentes,
822 457 850 510 in
872 471 982 511 nummo
1006 454 1138 512 Constan-

167 544 233 614 tini,
264 550 319 600 trcs
340 541 414 598 illius
436 539 506 598 lilios
537 540 667 596 denotare
694 541 818 614 apposite
846 539 960 614 collegit
982 539 1136 612 l‘ristanus,

166 626 339 684 Artemidoro
362 624 407 681 lib.
426 627 440 684 1
466 641 524 698 cap.
542 625 593 698 79,
616 625 662 698 qui
683 624 837 698 Principum
860 623 959 680 liberos
982 640 1032 698 per
1046 640 1136 680 ramos

165 710 318 768 Palmarum
350 709 486 784 designari
519 711 646 783 scripsit,
685 709 758 782 quod
791 710 873 764 ctiam
905 709 1020 765 Achmes
1054 708 1137 764 tradit

168 812 224 870 0³1)
218 795 319 950 127596,
339 877 389 936 20.
429 865 479 933 aad
505 893 537 932 τε
569 865 602 932 τὸ
629 867 737 949 ταύτης
767 861 950 953 ἀκόλαστον]
988 876 1025 932 lle
1052 875 1137 932 caede

168 964 254 1038 Crispi
276 971 304 1020 et
326 961 439 1022 Faustae
467 961 527 1018 uide
550 978 619 1036 quae
641 968 838 1018 commentatur
856 960 968 1018 lacobus
992 959 1138 1016 GothoIre·

169 1047 219 1104 dus
242 1048 273 1104 ad
296 1047 511 1120 Philostorginm
533 1045 581 1104 lib.
605 1043 634 1102 2
648 1063 707 1120 cap.
730 1045 759 1102 4.

213 1131 285 1203 179,
309 1131 359 1188 23.
391 1124 533 1207 Γόιθων]
558 1129 704 1187 Victoriam
725 1147 740 1186 a
762 1129 940 1186 Constantino
963 1128 998 1184 M.
1022 1144 1055 1184 er
1071 1127 1139 1184 Got-

167 1216 223 1272 this
250 1216 362 1272 relatam
389 1223 500 1272 narrant
526 1214 648 1271 Zosimus
676 1214 722 1271 lib.
752 1215 770 1271 2
800 1232 827 1289 p.
852 1214 914 1272 680
941 1221 1037 1270 auctor
1064 1213 1136 1268 vitae

46 1290 47 1296 ¹
99 1369 101 1375 Ι
169 1300 338 1356 Constantini
359 1297 405 1354 lib.
429 1301 446 1356 1
471 1299 572 1374 οιμ.8
601 1308 629 1356 et
650 1302 808 1372 Anonymus
830 1298 987 1354 Valesianus
1009 1315 1037 1371 p.
1061 1295 1135 1352 474.

168 1377 231 1442 476
254 1386 300 1458 qui
323 1385 392 1440 lranc
413 1383 446 1439 ad
468 1400 566 1440 aunum
589 1383 651 1440 323
674 1383 811 1441 scierunt:
836 1384 868 1440 ad
890 1383 959 1438 hauc
980 1383 1060 1438 ctiam
1075 1397 1139 1454 spe·

169 1476 243 1525 etant
264 1470 339 1526 Ludi
353 1469 478 1526 Gouraioi
498 1469 525 1523 in
547 1467 709 1524 Kalendario
729 1467 897 1542 Hervagiano
921 1477 948 1523 et
970 1466 1137 1522 Bucheriauo

166 1553 237 1628 prid.
261 1553 330 1610 Nou.
355 1560 383 1609 et
405 1551 425 1609 5
447 1552 485 1608 ld.
501 1551 579 1610 Febr
598 1569 652 1626 quo
677 1552 785 1627 quidem
804 1568 896 1608 mense
912 1551 1067 1608 conlectum
1084 1551 1138 1606 hoc
1252 1583 1255 1590 ι

170 1637 271 1694 bellum
294 1637 357 1694 inde
380 1639 512 1733 arguitur.

234 1722 379 1793 180,19.
411 1707 580 1860 Οὐάλεντα]
603 1721 628 1776 ls
643 1720 753 1778 Vectius
769 1720 867 1776 Valens
884 1727 1067 1792 nuncupatur,
1090 1734 1138 1774 cu-

169 1808 212 1861 ius
240 1806 384 1862 laudantur
402 1797 480 1901 περὶ
511 1797 697 1879 έπεμβάσεοις
718 1801 779 1861 τῶν
800 1793 932 1876 ἀστέρων
954 1802 1032 1873 libri,
1058 1818 1138 1876 prae-

168 1898 245 1946 terea
263 1889 383 1945 eiusdem
402 1877 581 1964 Ἀνθολομία
602 1881 793 1964 μενεθλιακή.
837 1889 903 1946 Vide
925 1896 1045 1944 nostram
1067 1885 1139 1942 (lon-

115 1970 117 1974 ’
169 1973 385 2046 stantinopolim.
437 1973 496 2030 Huc
522 1991 619 2048 porro
634 1981 759 2048 spectant
792 1991 860 2048 quae
888 1973 982 2030 scribit
1009 1970 1138 2043 Zonaras,

169 2075 233 2128 scu,
255 2065 287 2113 ut
308 2057 352 2112 alii
374 2057 484 2127 volunt,
513 2057 623 2114 Michael
646 2058 759 2133 Glycas,
780 2061 809 2115 in
831 2057 1059 2130 Antapologetico
1081 2071 1134 2114 ms
1162 2097 1164 2102 ,

89 2137 95 2149 '
170 2141 201 2197 ad
224 2143 355 2216 scriptum
377 2141 506 2198 llanuclis
529 2142 659 2200 Comneni
680 2143 747 2217 lmp.
769 2143 802 2199 ad
825 2141 958 2218 quendam
973 2139 1135 2196 Monachum

168 2227 295 2298 missum,
324 2243 417 2300 aquo
439 2227 621 2302 reprehensus
644 2228 734 2285 luerat
757 2227 791 2284 ob
813 2227 924 2284 nimium
946 2227 1016 2282 circa
1039 2228 1136 2280 Astro-

168 2310 271 2386 logicas
293 2319 321 2366 ct
343 2309 543 2369 Mathematicus
566 2312 722 2406 disciplinas
744 2311 880 2368 studium:
903 2301 1044 2404 περιέχει
1046 2297 1132 2364 δὲ
1100 2325 1134 2364 το

170 2388 342 2492 διαληφθὲν
357 2385 508 2491 γροῖμμα,
519 2385 565 2452 σ’τι
584 2385 623 2452 τοὶ
644 2393 703 2452 τῶν
724 2385 854 2492 ἀστέρων
869 2383 1003 2468 σχήματα
1025 2394 1135 2487 σημεῖα

168 2473 243 2535 εἰσὶν
264 2465 450 2558 ἆποβάσεοον,
473 2467 509 2537 οὗ
530 2471 592 2555 μὴν
613 2476 664 2538 καὶ
688 2469 754 2550 έξ’
737 2473 871 2556 ανάγκης
890 2468 1136 2553 ἆποτελεσματοιν

167 2561 260 2627 τινῶν
280 2559 431 2637 ποιητικοί.
462 2559 513 2622 καὶ
527 2566 692 2639 τηνικαῦτα
707 2560 938 2664 ὄιαπορούμενοι
953 2559 1139 2638 7έγομεν,’
1109 2581 1137 2620 ει

168 2641 244 2704 κατοί
264 2667 298 2724 γε
319 2667 375 2722 την
397 2646 451 2707 τοῦ
471 2641 643 2745 γράμματος
658 2647 821 2750 περίληψιν
841 2641 936 2716 οὕτως
958 2639 1016 2724 εἶχε
1032 2643 1083 2703 καὶ
1098 2635 1135 2704 τοὶ

167 2733 220 2788 τοῦ
240 2727 428 2832 πράμματος·
455 2721 535 2829 τινὸς
562 2730 664 2792 ἕνεκεν
686 2726 702 2792 ὁ
726 2726 849 2807 Οὐάλης
876 2729 989 2802 ἐκεῖνος
1011 2724 1060 2788 ἐπὶ
1085 2727 1135 2807 μέ-

167 2831 222 2872 σον
237 2835 298 2892 παρ
325 2807 414 2894 ἁγίου
429 2811 605 2894 μεγάλου
572 2839 638 2894 μιν,
663 2807 703 2890 ὦς
718 2814 802 2894 φασὶ,
823 2810 1030 2894 παρακληθεὶς
1045 2817 1132 2876 Krou-

167 2897 373 2974 σιαντίνου,τ
357 2898 495 2978 τέσσαρες
517 2923 568 2960 και
592 2898 716 2960 δέκατον
739 2898 770 2962 δὲ
791 2901 990 2994 καρτερῆσαι
994 2897 1058 2971 έτος
1084 2895 1134 2958 έπὶ

167 2982 207 3086 τῇ
230 2987 381 3067 καταβολῇ
407 2987 468 3046 τῶν
493 2986 642 3086 θεμελίων
674 2987 728 3064 τῆς
756 2986 857 3064 βασιλί
858 2985 907 3058 dog
936 2975 1043 3060 ταύτης
1072 2986 1135 3044 τῶν

166 3063 299 3138 πόλεων,·
326 3047 453 3147 aridulae
474 3062 531 3151 γὰρ
561 3063 600 3143 ὡς
621 3070 649 3131 εἰ
676 3071 820 3169 τοσοῦτμν
847 3068 992 3130 ἐνιαυτῶν
1020 3064 1135 3141 έκεινος

166 3150 314 3230 ἐκαρτέρει
336 3150 516 3254 παροίτασιν,
542 3149 614 3217 ὥστε
635 3161 735 3234 μεῖναι
757 3147 813 3232 τὴν
833 3151 922 3217 πόλιν
945 3149 1048 3256 6c6lou
1071 3157 1133 3226 τοῖς

165 3237 318 3314 πολεμίοις
339 3229 506 3320 νἰχείρητον
529 3263 566 3324 τῃ
554 3241 675 3302 πίστει
689 3262 719 3300 τε
734 3236 933 3320 προσκόπτειν
947 3231 1055 3336 αμτὴν,
1078 3235 1132 3298 και

167 3327 229 3394 τοῖς
251 3325 365 3396 λοιποῖς
387 3325 528 3403 καθεξῆς,
550 3319 656 3402 καιρὸν
677 3321 867 3426 ἆνεκαρτέρει
888 3314 993 3385 λοιπὸν
1008 3323 1051 3406 roi
1065 3314 1134 3382 σκό-

167 3429 214 3488 πμ
230 3401 323 3468 αὐτον
311 3407 561 3484 συντελέσοντα,
583 3409 611 3472 εἰ
621 3433 672 3470 και
689 3405 723 3472 τό
737 3433 858 3490 μραμμα
874 3407 1030 3554 προδήλως
1045 3408 1134 3469 τοῦτο

167 3491 263 3571 λέγειν
284 3485 320 3553 οὗ
342 3486 490 3570 βούλεται.
521 3485 621 3554 66cuoc
642 3490 700 3576 γαρ
716 3494 858 3556 ἐντεῦθεν
881 3516 897 3556 ο
899 3485 1100 3574 ἱᾶστέρες,“
1082 3514 1135 3553 ινα
