2556 3850
180 228 226 280 66
381 239 384 245 '
568 226 617 277 AD
635 223 717 279 VOL.
735 227 756 276 1.

178 353 254 444 πρδς
275 360 437 434 διακοσίοις
451 356 672 441 τεσσαράκοντα
687 359 738 421 καί
754 355 808 422 δόο
823 359 907 442 μέχρι
922 355 1019 423 ταδ’
982 365 1077 464 αυιρῦ
1092 367 1148 426 τοῦ

177 447 396 554 κατακλυσμοῦ.
417 413 605 545 άνοιγέντων
620 443 652 507 δὲ
666 447 725 506 666
739 448 932 547 καταρακτῶν
947 450 1000 510 τοῦ
1015 441 1149 529 οόρανοῦ

177 523 1031 722 6663225‘5666665616656⁰6?'665
1042 555 1148 720 6653

178 703 262 777 σίους
282 699 467 805 πεντήκοντα
487 699 538 762 καὶ
558 701 591 777 ἳξ
613 692 799 802 ἐνιαγτοδςδ
819 619 1025 801 66666666666
1048 706 1086 788 τῇ
1106 707 1147 787 γῇ

179 780 357 894 ἐπενηνεκτο
373 779 420 864 ἐφ’
437 778 550 892 ἡμέρας
564 781 780 889 666666666666
801 781 914 868 λαόρου
928 765 1146 869 καταχεομένοέι

178 874 230 951 666
249 873 330 973 γῆς
324 869 415 934 ὑετοῦ
437 865 477 946 ὥς
502 865 671 976 δπερβηναι
699 863 732 933 τό
752 865 834 952 ὕδωρ
860 869 909 934 ἐπὶ
934 875 1076 936 πεντεκαί
1062 873 1148 936 ίδεκα

177 954 282 1036 πήχεις
297 949 333 1018 τά
347 959 409 1020 τῶν
422 949 504 1039 6666
518 950 716 1058 666666666
763 962 802 1021 19
819 955 1047 1061 ἐλαττουμένου]
1064 957 1146 1020 ἐλατ-
1260 986 1273 1031 ,-

179 1041 362 1122 τονουμένον
441 1046 480 1106 21
496 1034 549 1106 τόν
563 1039 666 1143 μῆνα]
675 1043 755 1143 μῆνα
836 1046 876 1108 23
891 1035 1015 1126 ἡμέρας]
1032 1043 1148 1149 ἡμέραν

178 1131 218 1190 26
235 1125 377 1211 ἐξῆλθον]
400 1124 526 1228 ἐξῆλθε
574 1131 614 1190 29
635 1120 687 1188 τδν
711 1121 804 1189 τόπον
824 1131 983 1190 καλεῖσθαι
1004 1135 1065 1203 τοῖς
1081 1123 1149 1211 ’Λρ-

177 1212 363 1358 6666]
322 1217 482 1274 καλεῖσθαι
496 1204 548 1294 τόν
569 1205 660 1274 τόπον
680 1215 732 1292 τῆς
750 1206 899 1292 άρμηνίας
984 1219 1024 1277 31
1048 1212 1147 1276 δὲκαὶ

176 1317 230 1358 του
281 1299 372 1360 ετοῦ.

217 1296 291 1456 21,
313 1373 554 1482 3Φοινικικήν]
571 1372 715 1460 φοινικὴν
800 1371 960 1464 4άπδ]έκ
1047 1375 1147 1444 δείπε

176 1433 325 1568 τοιονιόνλ
340 1463 440 1541 πάθος
451 1490 491 1557 τη
478 1467 558 1551 γῇ]
580 1467 715 1528 τοιοῦτον
729 1459 829 1540 πάθος
848 1468 885 1552 66
899 1489 939 1550 γη
926 1464 1147 1548 ἐπηγγείλατο

181 1557 200 1614 9
215 1573 249 1613 το
237 1544 296 1614 ἐν
281 1553 310 1636 ν]
327 1547 359 1612 ἐν
447 1553 485 1614 11
502 1546 671 1635 τριακόσια]
688 1547 825 1612 διακόσια
913 1557 952 1614 12
968 1551 1019 1614 καλ
1034 1549 1144 1630 πεντή-

176 1638 283 1721 κοντα]
300 1630 485 1738 πεντήκοντα
574 1640 613 1699 14
629 1635 662 1698 δέ
675 1634 771 1719 γε]έ
856 1637 929 1720 τῶν]
946 1639 1006 1700 666
1021 1631 1087 1699 τότε

178 1725 217 1784 17
233 1721 323 1823 περὶ]
333 1713 413 1804 παρά
500 1726 539 1785 19
554 1727 619 1795 ταῖς
634 1727 759 1822 τροφαῖς
776 1719 1022 1822 ἐπιτηδειοτέροις
1038 1723 1145 1825 κεχρη-

179 1810 253 1866 σθαι
269 1799 370 1907 πρδς
358 1805 481 1867 πλείονα
495 1798 667 1890 χρόνον]
635 1829 688 1908 τας
699 1798 813 1886 τροφάς
826 1805 1059 1906 ἐπιτηδειοτέρας
1071 1805 1147 1887 πρὸς

179 1891 301 1952 πλείονα
316 1888 424 1973 χρόνον
439 1885 515 1952 ελναι
602 1895 642 1952 22
658 1883 802 1969 άσφαλολρ
815 1883 963 1990 αὐτοὺς]
956 1899 1067 1954 invertit

180 1978 221 2038 26
241 1997 294 2036 του
282 1975 397 2077 Νοέε]
415 1977 473 2037 νῶε
559 1967 629 2054 Χάμ
645 1974 710 2077 666]
727 1973 786 2078 χάμ
872 1981 911 2040 27
933 1968 988 2076 τὴν
1002 1969 1144 2077 πεδιάδα]

175 2051 227 2132 τάς
241 2057 384 2133 πεδιάδος
469 2065 509 2124 29
524 2061 578 2121 τοῦ
593 2055 705 2164 πατρός
719 2055 804 2144 ίδδν]
822 2053 893 2122 6666
907 2062 960 2122 τοῦ
975 2053 1094 2141 πατρός

241 2143 293 2218 22,
316 2145 460 2210 5πεδίον
474 2139 505 2228 ο]
522 2141 660 2208 πέδον
630 2168 662 2208 το
724 2144 912 2248 7666666]
930 2142 1038 2208 τοότου
1125 2152 1145 2210 8

176 2225 205 2312 ὁ]
224 2252 276 2294 om
357 2235 376 2294 9
392 2225 484 2310 ωφθη
498 2230 648 2334 γίγας]’
615 2253 700 2332 γιγγς
716 2224 808 2310 όίφθη
885 2235 925 2295 10
940 2227 1147 2312 γενναιότερος

175 2311 381 2423 -δπάργφν]
396 2311 791 2422 γενναῖος-κατάρχφν
850 2319 888 2377 12
909 2316 1035 2418 πλίθου]
1058 2318 1144 2377 πλίν-

176 2403 237 2462 606
252 2423 304 2462 και
294 2395 475 2479 ἀσφάλτου
563 2405 602 2464 13
623 2391 722 2462 ἄλλ’
707 2423 723 2464 ο
739 2391 812 2474 θεος
832 2391 897 2502 τάς
903 2394 1017 2463 τούτων
1032 2392 1146 2482 βουλάς

176 2481 408 2548 διεσκέδασεν’
377 2487 514 2563 ευφυῶς,
535 2481 697 2560 άσυνέτους
719 2488 777 2546 τῶν
791 2506 857 2585 παρ
854 2477 1015 2586 ’άλληλφν
1030 2487 1146 2588 φωνοὸρ

177 2562 226 2630 διά
241 2577 295 2632 τοῦ
309 2572 369 2632 666
383 2571 524 2652 γλωσσῶν
543 2571 689 2672 μερισμοῦ
704 2565 827 2644 τοότονς
840 2559 1080 2676 ἀποφηνάμενος.
1109 2564 1144 2632 ιδ

176 2651 294 2716 δίέπεδ
293 2677 326 2716 ον
346 2653 442 2716 έκεῖνο
462 2655 521 2758 666
536 2651 683 2734 Βαβυλών
703 2659 836 2757 καλεῖται
854 2652 957 2716 διδ
924 2677 979 2758 την
995 2653 1066 2758 περὶ
1082 2651 1146 2716 διά·

175 2741 280 2802 λεκτου
294 2739 453 2839 σύγχυσιν]
477 2734 556 2802 6666
576 2737 608 2802 δὲ
623 2736 790 2848 μεμηνότας
810 2731 890 2840 6666
910 2734 1024 2842 αότοδς
1041 2733 1147 2814 δθεδς

176 2819 406 2930 ἑτερογλώσσοις
408 2818 575 2932 εἰργάσατο
591 2847 642 2886 και
634 2817 818 2926 666666663
834 2827 894 2888 666
915 2846 977 2908 παρ
982 2815 1145 2932 '6666666

175 2910 286 3009 66666
301 2908 352 2973 διὰ
366 2911 421 2972 τοῦ
434 2918 494 2974 666
509 2910 650 2991 γλωσσῶν
664 2911 816 3012 μερισμοῦ.
833 2933 850 2972 ο
840 2902 940 2974 δέ
906 2933 995 2984 τοπος
1006 2900 1076 2972 ἐν
1051 2934 1074 3012 6
1090 2903 1145 2970 τδν

178 2987 297 3094 πόργρν
313 2989 490 3096 φ’κοδόμονν
509 2996 567 3057 νῦν
581 2987 725 3078 βαβνλδιν
745 2998 877 3058 καλεῖται
898 2991 996 3057 διδ
963 3019 1019 3075 την
1034 2973 1143 3076 σόγχο-

177 3097 225 3139 σιν
240 3071 296 3156 τὴν
316 3103 370 3163 περ
373 3071 436 3142 6
405 3103 460 3158 την
482 3074 637 3142 διάλεκτον
725 3085 763 3146 18
780 3076 915 3188 Εβρριῖοι
937 3080 1005 3164 μὲν]
1028 3077 1145 3180 ἕβραῑρι

242 3106 416 3228 σκίδνανται
434 3165 480 3248 δέ]
495 3183 532 3227 σιι
534 3165 672 3272 ίδναντριι
736 3156 806 3230 23
792 3189 808 3228 ο
822 3163 930 3273 Ἰαφεθ
923 3164 1045 3270 υίοδς]
1061 3158 1146 3238 υίοδς

175 3239 303 3327 δίάφεθ
387 3260 441 3314 τοῦ
456 3246 582 3358 ταύρου]
599 3250 712 3331 ταόρου
799 3255 839 3312 24
856 3245 1001 3356 Ἀμάνου]
1026 3253 1147 3330 αμανοῦ

176 3335 216 3395 27
233 3335 428 3440 Γομορεις
391 3360 412 3415 μ
429 3359 447 3396 ν
460 3331 520 3396 άπο
512 3329 652 3438 Γάμερ]
669 3336 829 3416 γομβαρεῖς
843 3331 930 3416 μέν’
913 3359 972 3402 απο
965 3331 1102 3446 γάμβερ

174 3423 214 3482 31
237 3421 334 3501 Θοβελ
352 3417 519 3504 Θοβηλονς]
536 3413 633 3502 θεβὴλ
649 3419 681 3483 δὲ
695 3419 844 3500 θεβηλους
918 3425 970 3488 32
992 3413 1089 3503 οὗτοι]
1114 3413 1144 3480 δ’

175 3524 267 3568 ovtot.
