2532 3844
515 219 1107 276 ADVOL.111.chx111

204 354 275 429 380,
298 355 320 419 4
341 348 481 438 τραυλος]
505 347 662 456 ὁτραυλὸς
748 363 766 420 9
789 352 965 440 τῶνδὲ]
936 379 988 419 τον
1002 358 1035 421 66

87 439 223 507 10''
200 465 293 521 αμφω
318 441 395 503 κατὰ
422 433 545 542 καιρούς
565 433 715 542 ίιλίους]”
694 463 786 520 αμφω
873 447 912 504 14
929 439 1104 552 Βαρζάνης]

138 525 313 628 βριρδολνιος
366 531 406 590 18
422 517 475 588 τὸν
489 523 544 603 μὲν
556 523 687 634 τραυλὸν
698 518 891 671 Μιχαὴλ]
860 549 913 588 τον
926 521 1036 608 μιχαήλ
1050 528 1106 608 μὲν

138 604 190 674 τὸν
207 606 335 694 τραυλὸν
422 615 498 676 2οε
484 602 642 692 εἷςῆν]
621 605 726 692 ηνεῖς
811 611 970 697 Βαρόάνη]
992 614 1104 695 βαρβα-

138 699 193 781 νίῳ
255 701 293 759 21
310 696 583 778 παραστησαμένου
598 695 695 758 ἐπὶ
658 717 711 773 της
726 697 880 771 κατοικίας
888 717 942 760 του
928 700 1102 782 μοναχοῦ]

137 759 410 864 πολραστησαμέναν
495 787 535 845 31
552 781 609 865 πη]
626 801 687 842 ποι.
1110 841 1112 844 .

200 865 273 940 381,
300 867 311 928 l
340 858 482 949 ἑστηκώς]
500 841 592 939 ἑσταλς
677 862 796 929 θνατὰ
822 867 919 969 τῶν]
925 860 1000 929 κατὰ
1086 873 1104 930 9

137 945 299 1034 ἀνέβαλον]
317 943 465 1052 ἆνίλαβου
551 955 590 1014 15
610 945 718 1033 αὐτοῦ]
736 949 845 1014 ἑαυτοῦ
902 945 1001 1035 626‘
979 976 1021 1028 ως

139 1041 180 1100 24
205 1028 406 1182 σπονόαγτὴς]
434 1028 557 1117 ἐραστὴς
644 1039 683 1099 27
710 1034 835 1119 Λέοντι]
861 1037 980 1118 βασιλεῖ
1063 1043 1100 1101 31

137 1122 213 1203 τοῖν]
229 1143 322 1184 τωνο

201 1204 280 1280 382,
303 1198 508 1286 2ὖπόθοιτο]
539 1197 693 1314 ὖπβθηται
780 1209 822 1267 24
848 1205 1011 1288 ἔκπτωσιν]
1042 1205 1103 1267 στί-

180 1310 237 1353 σιν.

141 1314 178 1372 Μ
201 1375 273 1448 383,
297 1375 318 1439 2
339 1371 484 1480 ὑπερορίᾳ
505 1373 693 1478 νγιταιιρίνει]
716 1370 879 1478 ὑπερορίαν
900 1368 993 1436 αὐτοῦ
1013 1397 1103 1437 κατα·

138 1461 233 1542 τρίυει
318 1451 413 1540 469]
436 1457 486 1519 καὶ
509 1453 548 1533 69
634 1461 792 1543 ὅκεφαλῆ
817 1453 926 1544 αὐτοῦ]
950 1465 987 1566 τῆ
1007 1455 1103 1568 αὐτοι]

140 1551 256 1630 κεφαλῇ
322 1551 363 1610 10
368 1545 498 1650 θγμιῶν
512 1537 687 1650 πόρρωθεν]
704 1544 827 1622 θνμιαν
890 1549 929 1607 12
944 1526 1037 1606 αλτὸν
1051 1544 1103 1606 καὶ

137 1607 320 1714 προέπεμπε]
337 1621 432 1692 αὐτὸν
518 1625 609 1691 146’
626 1625 675 1689 ἕπλ
694 1625 870 1733 τούτῳ]
825 1627 860 1691 66
947 1636 985 1693 17
1005 1636 1104 1708 καθη

137 1739 266 1824 γητηΗ
227 1737 279 1777 του
268 1714 426 1859 μεγάλου
440 1703 551 1796 αἰγροῦ]
568 1735 620 1775 του
607 1708 763 1795 μεγάλου
776 1735 870 1796 αγρου
857 1717 1047 1816 καθηγητῇ

139 1805 181 1865 20
194 1795 266 1887 w]6
352 1805 392 1862 27
409 1796 553 1881 ἐξίστατο]
576 1797 707 1874 ἐξίστατο
793 1805 833 1864 29
856 1795 1000 1884 συνήθει]
1016 1799 1106 1879 συνή-

138 1891 215 1959 θους
300 1890 342 1950 30
347 1884 476 1986 ληφθῇ]
494 1884 636 1989 ληφθείη.

200 1968 273 2042 384,
296 1969 317 2032 3
339 1962 526 2072 ἡσυμβουλο]
540 1969 662 2050 συνετῆ]
684 1968 900 2073 συμβουλεύειν
954 1969 1101 2073 θείᾱλαν]

137 2053 221 2118 ἰδίαν
307 2047 449 2136 9τοῦτ’]
472 2050 585 2116 τούτων
679 2042 771 2117 22
747 2077 770 2116 ω
791 2051 941 2137 κριμολταν
963 2048 1105 2157 ἀρρήτων

138 2141 191 2218 τῆς
210 2141 296 2212 θείας
316 2129 518 2245 προνοίας]
495 2163 519 2200 ω
538 2143 615 2200 θεοῦ
608 2134 788 2219 ·τιριμεὶταν
805 2143 935 2222 αβυσσος
954 2130 1103 2218 ἆκατοὶλη·

138 2246 210 2298 πτος
296 2229 336 2288 23
358 2221 404 2305 66]
430 2219 459 2284 6'
548 2228 587 2288 25
612 2225 924 2325 πεγιαρρησιασμένος]
951 2246 1103 2324 πεπαρρη-

137 2305 300 2386 σιασμίνας
387 2311 427 2372 28
453 2300 556 2391 αὐτὸς]
584 2300 675 2381 αὐτός
698 2330 729 2369 τε
815 2315 857 2374 30
882 2299 1103 2389 γορολέιιτης“
1084 2334 1104 2390 η

138 2387 298 2476 γοραργης]
314 2395 533 2496 γορολέιιτης
573 2391 739 2474 παρέλαβεν
759 2390 873 2480 καλεῖν]
898 2398 1001 2454 καλεῖν
1015 2393 1104 2471 παρέ-

138 2481 230 2592 λαβεν
316 2485 355 2542 31
372 2463 533 2580 οὕτως]
496 2499 590 2552 ουτος.

167 2561 274 2645 ’38,5
296 2563 319 2626 4
339 2562 393 2626 τὸν
408 2560 536 2663 κύριον]
545 2557 652 2641 κύριον
697 2568 737 2627 10
752 2557 925 2646 λαφύσσαι]
943 2559 1105 2640 λαφύσσειυ

140 2655 178 2712 17
194 2607 274 2728 οὖν]
281 2649 356 2729 γοῦν
442 2652 480 2712 21
505 2642 558 2712 τόν
572 2641 688 2728 μεν]
657 2669 710 2709 τον
796 2652 836 2712 23
831 2647 1038 2797 κολαγθησ]
1055 2670 1104 2710 αο-

139 2738 265 2834 λασθησ.
339 2739 379 2797 28
396 2732 520 2795 δίκαιον.
550 2732 578 2794 εἰ
592 2730 624 2795 66
644 2732 695 2793 καὶ
712 2733 768 2794 νῦν
789 2726 880 2794 ταῦθ’
898 2755 992 2807 ουτως
1007 2755 1020 2794 ε
1034 2756 1098 2814 χεν,

138 2811 252 2900 ελχου“
231 2842 271 2879 αν
285 2820 382 2892 καλῶς
397 2817 448 2879 καί
462 2841 499 2879 τα
489 2810 686 2902 πράγματα]
703 2817 830 2880 δίκαιον.

106 2907 113 2916 ’
201 2895 393 2976 38810
360 2926 416 2983 την
430 2904 574 2983 τιμωρίαν
594 2925 647 2964 του
635 2897 802 2986 Μιχαὴλ]
826 2895 893 3005 τὴν
898 2896 973 2964 κατὰ
987 2905 1040 2964 τοῦ
1056 2927 1103 2982 μι-

138 2981 212 3068 γαὴλ
227 2986 406 3064 ἐπεξέλευσιυ
484 2993 523 3052 19
545 2986 668 3071 ἔφησεν]
686 2985 745 3068 ἔφη
822 2993 864 3052 20
876 2979 962 3067 ἀλλὰ]
981 2980 1058 3048 ἄλλα
1072 3011 1104 3069 γε

139 3079 171 3136 ad
186 3096 272 3172 ιορνρ.
288 3080 340 3140 litt.
357 3078 433 3136 rubr.
453 3069 510 3134 ὅσα
524 3078 665 3154 προεῖπεν
682 3068 698 3133 6
716 3071 791 3134 λέων
810 3071 878 3153 περὶ
899 3079 953 3134 τοῦ
972 3075 1106 3148 τραυλοῦ

138 3151 246 3238 μιγαὴλ
303 3163 342 3220 24
358 3157 540 3258 προέγνασε]
557 3157 727 3252 προέγνουιε
785 3162 825 3222 26
841 3156 953 3238 λεγεται
968 3152 1105 3241 0666-

140 3265 223 3323 γεται
309 3249 350 3307 30
364 3237 567 3348 βιβλιοθήκῃ]
584 3245 679 3304 addit.

202 3325 275 3399 387,
298 3320 484 3409 38πισθεν]
502 3325 675 3402 ἐξόπισθεν
733 3319 783 3386 διὰ
798 3323 901 3410 μέσου]
920 3323 969 3387 διὰ
1026 3326 1104 3389 666·

138 3411 319 3492 νιγματῶδες
334 3411 585 3512 δυσερμήνευτον]
609 3405 845 3514 δυσερμήνευτον
930 3416 949 3473 9
970 3409 1101 3488 μέλλειν]

140 3501 214 3560 addit
288 3501 339 3566 14
354 3489 415 3577 μὴν
429 3489 550 3579 καλ]
500 3521 574 3577 μην
659 3493 736 3558 243
736 3519 754 3556 ν
769 3489 895 3576 ὀνείροις
909 3490 1003 3574 είδεν]
1027 3486 1105 3553 εἶδεν
