2548 3850
178 228 200 292 6
521 225 805 279 ANNOTATIONES

177 368 301 442 Cumque
328 368 376 424 diu
403 374 564 440 tractarem,
596 383 650 441 quo
678 368 850 441 potissimum
878 367 968 425 studio
996 375 1098 426 memet
1121 371 1152 426 in
1261 399 1262 405 ι

180 454 262 510 tantis
284 452 411 528 periculis
435 455 615 510 constitutum
637 453 775 526 aptissime
797 453 953 527 iugiterque
975 455 1151 528 constringo-

178 554 245 611 rem‚
270 539 389 594 occurrit
411 539 512 608 animo,
533 538 613 592 utin
635 536 778 592 dictamine
801 553 843 593 me
865 554 1024 612 occuparem
1039 537 1151 612 aliquo:
1250 575 1271 604 „

178 622 252 697 quod
282 629 310 678 et
338 639 419 696 saepe
447 630 576 696 expertus
608 637 669 676 sum
697 629 814 678 mentem
849 621 974 679 lascivam
1003 621 1151 680 cuiuslibet
1189 637 1196 656 ¹·
1266 613 1271 632 ²

176 707 332 764 scholastici
354 707 480 763 instructi
508 708 537 762 in
563 705 641 762 nullo
663 721 746 779 posse
771 707 857 780 magis
886 707 1037 782 constringi
1065 723 1148 781 quam
1255 711 1271 735 '¹

176 791 267 848 studio
290 790 446 848 dictandi.“

241 877 271 948 9,
295 875 345 936 12.
376 868 427 930 καὶ
449 865 490 949 μὴ
506 864 605 930 πάντα
627 867 726 954 ἐνδείᾳ
740 868 867 952 βίβλων]
891 875 1058 952 Progressus
1073 879 1147 934 enim

176 977 266 1036 usque
288 960 321 1017 ad
337 959 507 1035 Carthaginis
530 967 557 1016 et
580 959 704 1016 Corinthi
719 959 862 1032 excidium,
885 960 999 1037 abrupta
1020 963 1147 1026 historia.

176 1045 223 1102 (lu.
240 1044 361 1120 Pompeii
382 1045 471 1120 Magni
492 1061 537 1101 res
561 1053 652 1120 gestas
675 1045 766 1100 statim
789 1045 906 1118 orditur,
930 1046 1043 1103 historia
1057 1064 1147 1104 anno-

175 1146 237 1186 rum
261 1129 302 1189 60
323 1131 524 1204 praetermissa.
557 1129 602 1186 W.
629 1131 647 1188 i.
674 1147 697 1186 e.
727 1128 907 1204 Hieronymus
930 1129 1060 1187 Wollius.

242 1230 295 1295 10.
321 1231 369 1288 15.
409 1220 616 1297 Κωνστοὶντιος
643 1221 659 1285 ὁ
690 1218 827 1308 Χλωρὸς]
862 1231 940 1290 Ηιιιιο
962 1221 1149 1288 Km'voruvtot

176 1313 240 1374 alibi
262 1315 398 1391 appellat,
421 1315 559 1390 quomodo
582 1316 663 1372 etiam
685 1317 835 1390 scriptores
858 1316 973 1391 aliquot,
996 1324 1027 1372 nt
1051 1314 1147 1374 obser·

174 1415 267 1458 ramus
289 1401 322 1457 ad
346 1401 398 1472 12,
421 1400 471 1458 31.

240 1501 277 1559 11
302 1511 371 1560 extr.
405 1491 577 1598 ταξιάρχας]
602 1502 790 1560 Centuriones
803 1503 885 1558 vertit
899 1503 1051 1578 interpres,
1074 1521 1145 1579 quae

174 1589 214 1644 vis
236 1595 279 1644 est
302 1589 373 1644 vocis
396 1577 550 1665 ταξιάρχης
573 1587 644 1662 apud
667 1587 805 1644 'lactioos.
828 1587 924 1644 melius
945 1592 1078 1646 coelestis
1092 1594 1145 1646 mi-

172 1675 255 1730 litiae
271 1677 435 1746 principes,
458 1689 508 1729 seu
530 1674 635 1729 duces:
658 1689 721 1728 nam
735 1662 963 1746 ἆρχισιρατηγοί
986 1675 1086 1748 passim
1101 1675 1145 1731 in-

173 1757 328 1832 digitantur
350 1756 398 1815 SS
414 1756 525 1814 Michael
548 1764 576 1812 et
591 1755 699 1813 Gabriel
721 1757 791 1832 apud
808 1753 932 1814 Graecos.
969 1757 1035 1815 Vide
1051 1757 1144 1817 Gloss.

174 1840 246 1896 med.
270 1840 416 1900 Graecit.
410 1857 437 1896 m
461 1837 634 1918 Τνξίαρχος.

239 1941 291 2013 13,
313 1941 342 1999 8.
377 1929 483 2014 Aemi}
505 1935 640 2019 Γένεσις]
665 1941 750 2010 Quam
771 1945 849 2000 unica
871 1961 936 2000 voce
959 1937 1144 2018 Λεπτογὲνε-

173 2037 222 2081 σιν
244 2025 288 2082 alii
309 2033 417 2097 vocant,
441 2025 475 2082 de
497 2043 550 2101 qua
571 2025 695 2100 pluribus
718 2029 776 2102 egit
798 2027 949 2085 Cotelerius
972 2030 1005 2086 ad
1025 2029 1143 2086 Constit.

173 2110 298 2186 Apostol.
323 2111 358 2183 6,
382 2110 431 2168 16.

138 2210 155 2260 6
238 2213 290 2284 36,
313 2211 363 2271 30.
401 2204 669 2288 Ψονθομφάνηχον
684 2215 855 2288 reposuimus
871 2231 904 2271 en
919 2215 1035 2290 losepho
1057 2215 1104 2272 lih.
1123 2217 1141 2272 1

173 2315 197 2355 c.
217 2297 265 2356 19.
295 2295 413 2354 Wolfius
427 2315 569 2372 perperam
584 2297 706 2356 ediderat
720 2293 964 2373 τοθομφᾶνηχον.
991 2299 1045 2355 duo
1061 2300 1143 2358 codd.

172 2381 251 2458 liegii
274 2391 302 2440 et
323 2382 484 2440 Colherteus
507 2374 750 2457 ψοθομφάνηχον
770 2385 937 2459 praeierunt.
976 2385 1023 2440 scd
1047 2393 1077 2440 ut
1099 2384 1144 2440 lo·

52 2503 56 2511 -
174 2468 287 2541 sephus,
309 2460 348 2525 ita
370 2475 398 2523 et
420 2467 497 2524 Philo
521 2468 664 2526 ludaeos
656 2485 684 2524 tn
706 2467 753 2525 lih.
775 2468 809 2524 de
832 2468 924 2526 llutat.
947 2471 1048 2526 nomin.
1071 2470 1144 2527 hanc

172 2567 268 2608 vocem
290 2553 330 2608 sic
352 2550 439 2624 ellert,
462 2553 538 2609 cuius
560 2551 785 2651 significationem
808 2553 846 2610 ita
861 2553 1008 2610 declarat
1000 2570 1028 2609 ιιι
1043 2553 1090 2610 lib.
1106 2553 1143 2610 de

171 2635 289 2710 losepho
310 2595 500 2710 μετονομάζει
523 2630 555 2693 δὲ
577 2626 668 2693 αὐτὸν
690 2623 749 2693 νἰνιὸ
772 2633 825 2712 τῆς
846 2625 1081 2712 ὀνειροκριτικης
1097 2631 1143 2714 tp-

171 2716 270 2797 χωρίῳ
291 2712 407 2799 γλώττῃ
429 2732 678 2797 προσαγορενσνς.
697 2721 783 2797 paulo
805 2723 883 2780 aliter
904 2723 974 2780 hanc
996 2723 1073 2780 ellert
1093 2740 1143 2781 au·

172 2811 233 2860 otor
261 2803 387 2861 Clrronici
415 2805 604 2878 Alexandrini,
635 2823 690 2881 quo
719 2806 781 2864 loco
808 2806 901 2873 scribit
922 2806 1037 2873 Mosam,
1068 2808 1142 2864 haud

170 2904 252 2947 secus
274 2905 305 2946 ac
327 2889 487 2964 losephum,
517 2891 613 2948 eodem
635 2892 745 2948 nomine
767 2890 852 2948 luisse
874 2891 907 2948 ah
929 2893 1077 2987 Aegyptiis
1093 2910 1141 2988 ap·

171 2972 320 3046 pellatum,
347 2973 426 3068 quod
450 2974 542 3032 lutura
563 2975 741 3050 praedixerit,
770 2993 823 3032 τον
845 2973 985 3050 Μωυσῆν
1007 2964 1080 3050 μετὰ
1107 2967 1142 3034 τὰ

171 3047 393 3133 ἕπαγνγεῖν’
354 3045 448 3114 cordo
470 3077 523 3126 τας
544 3055 662 3136 πληγὰς
690 3055 786 3116 ott
742 3051 904 3136 Αἰγύπτιοι
926 3053 1142 3136 ψομθομφαχὴ

171 3135 273 3218 [Ψομ-
279 3139 357 3215 Θομ-
361 3141 443 3199 Φαν-
432 3131 517 3248 -Χθὴ
545 3146 589 3204 ed
612 3146 697 3203 lionn
727 3163 755 3242 p.
782 3139 857 3286 1541]
881 3139 1141 3222 προσηγόρευσαν,

170 3217 469 3305 ὸὲρμηνεύεται,
439 3247 462 3284 ω
488 3217 693 3305 ἀπεκαλύφθη
714 3217 747 3286 td
770 3223 886 3304 μέ.λλον

236 3327 294 3401 41,
318 3329 369 3388 25.
406 3325 579 3409 βασίλισσα]
603 3333 640 3388 ita
662 3332 860 3404 Thermuthim,
883 3334 957 3408 regis
979 3330 1070 3406 liliam,
1094 3341 1144 3391 rt·

136 3419 269 3490 tpinom
290 3422 369 3472 vocat
395 3413 525 3488 losephus
554 3415 600 3473 lib.
625 3416 643 3472 2
672 3417 737 3474 ch
768 3411 806 3492 [c.
831 3417 891 3490 ils
915 3412 965 3494 6],
997 3417 1067 3474 unde
1091 3434 1142 3474 sua

172 3499 264 3556 hausit
285 3500 413 3556 Zonaras.
447 3497 539 3556 scribit
561 3499 657 3557 Suidas
685 3517 718 3557 ex
740 3500 901 3571 Aristotele,
930 3501 1002 3576 apud
1024 3501 1141 3579 Cyprios
