<?xml version="1.0" encoding="UTF-8"?>
<!DOCTYPE html PUBLIC "-//W3C//DTD XHTML 1.0 Transitional//EN"
    "http://www.w3.org/TR/xhtml1/DTD/xhtml1-transitional.dtd">
<html xmlns="http://www.w3.org/1999/xhtml" xml:lang="en" lang="en">
 <head>
  <title>
</title>
<meta http-equiv="Content-Type" content="text/html;charset=utf-8" />
  <meta name='ocr-system' content='tesseract 3.04.00' />
  <meta name='ocr-capabilities' content='ocr_page ocr_carea ocr_par ocr_line ocrx_word'/>
</head>
<body>
  <div class='ocr_page' id='page_1' title='image "./iannoutouznapae00canggoog_0297.png"; bbox 0 0 2532 3844; ppageno 0'>
   <div class='ocr_carea' id='block_1_1' title="bbox 514 212 1113 266">
    <p class='ocr_par' dir='ltr' id='par_1_1' title="bbox 514 212 1113 266">
     <span class='ocr_line' id='line_1_1' title="bbox 514 212 1113 266; baseline 0.003 -4"><span class='ocrx_word' id='word_1_1' title='bbox 514 212 563 264; x_wconf 83' lang='lat' dir='ltr'>AD</span> <span class='ocrx_word' id='word_1_2' title='bbox 582 213 665 264; x_wconf 88' lang='lat' dir='ltr'>VOL</span> <span class='ocrx_word' id='word_1_3' title='bbox 681 213 729 265; x_wconf 93' lang='lat' dir='ltr'>IV.</span> <span class='ocrx_word' id='word_1_4' title='bbox 909 212 1113 266; x_wconf 70' lang='lat' dir='ltr'><strong>ccnxxxvn</strong></span> 
     </span>
    </p>
   </div>
   <div class='ocr_carea' id='block_1_2' title="bbox 144 339 1112 1184">
    <p class='ocr_par' dir='ltr' id='par_1_2' title="bbox 146 339 1111 514">
     <span class='ocr_line' id='line_1_2' title="bbox 147 339 1111 449; baseline 0.002 -41"><span class='ocrx_word' id='word_1_5' title='bbox 147 369 204 446; x_wconf 71' lang='grc' dir='ltr'>προ</span> <span class='ocrx_word' id='word_1_6' title='bbox 227 345 399 449; x_wconf 79' lang='grc' dir='ltr'>διαφυγὸν</span> <span class='ocrx_word' id='word_1_7' title='bbox 407 340 458 407; x_wconf 79' lang='grc' dir='ltr'>τὸν</span> <span class='ocrx_word' id='word_1_8' title='bbox 481 349 623 449; x_wconf 83' lang='grc' dir='ltr'><strong><em>τορνίκην</em></strong></span> <span class='ocrx_word' id='word_1_9' title='bbox 649 339 682 407; x_wconf 78' lang='grc' dir='ltr'>τὸ</span> <span class='ocrx_word' id='word_1_10' title='bbox 705 340 856 426; x_wconf 75' lang='grc' dir='ltr'><em>εὐτύχημα</em></span> <span class='ocrx_word' id='word_1_11' title='bbox 944 356 982 414; x_wconf 85' lang='grc'>16</span> <span class='ocrx_word' id='word_1_12' title='bbox 1005 348 1111 432; x_wconf 87' lang='grc' dir='ltr'>πάλιν]</span> 
     </span>
     <span class='ocr_line' id='line_1_3' title="bbox 146 417 818 535; baseline -0.003 -42"><span class='ocrx_word' id='word_1_13' title='bbox 146 417 237 505; x_wconf 73' lang='grc' dir='ltr'>αὖθις</span> <span class='ocrx_word' id='word_1_14' title='bbox 324 439 363 496; x_wconf 96' lang='grc'>19</span> <span class='ocrx_word' id='word_1_15' title='bbox 386 424 402 491; x_wconf 83' lang='lat'>6</span> <span class='ocrx_word' id='word_1_16' title='bbox 424 425 623 535; x_wconf 65' lang='grc' dir='ltr'>τάραννος]’</span> <span class='ocrx_word' id='word_1_17' title='bbox 610 453 626 492; x_wconf 93' lang='grc' dir='ltr'><strong><em>ο</em></strong></span> <span class='ocrx_word' id='word_1_18' title='bbox 650 434 818 508; x_wconf 78' lang='grc' dir='ltr'><strong><em>τυραννῶν.</em></strong></span> 
     </span>
    </p>

    <p class='ocr_par' dir='ltr' id='par_1_3' title="bbox 144 509 1112 1107">
     <span class='ocr_line' id='line_1_4' title="bbox 209 509 1069 624; baseline 0 -44"><span class='ocrx_word' id='word_1_19' title='bbox 209 516 280 588; x_wconf 83' lang='grc'>167,</span> <span class='ocrx_word' id='word_1_20' title='bbox 303 509 556 624; x_wconf 67' lang='grc' dir='ltr'>4άπολιπόητες]</span> <span class='ocrx_word' id='word_1_21' title='bbox 579 513 715 590; x_wconf 81' lang='grc' dir='ltr'><strong><em>λιπόντες</em></strong></span> <span class='ocrx_word' id='word_1_22' title='bbox 795 523 814 579; x_wconf 84' lang='grc'><strong>7</strong></span> <span class='ocrx_word' id='word_1_23' title='bbox 829 518 953 624; x_wconf 85' lang='grc' dir='ltr'>μόνοιν]</span> <span class='ocrx_word' id='word_1_24' title='bbox 977 515 1069 599; x_wconf 87' lang='grc' dir='ltr'><strong><em>μόνον</em></strong></span> 
     </span>
     <span class='ocr_line' id='line_1_5' title="bbox 147 596 1112 686; baseline 0.004 -22"><span class='ocrx_word' id='word_1_25' title='bbox 147 607 184 664; x_wconf 87' lang='grc'>11</span> <span class='ocrx_word' id='word_1_26' title='bbox 210 602 379 684; x_wconf 81' lang='grc' dir='ltr'>Τορνίκιος]</span> <span class='ocrx_word' id='word_1_27' title='bbox 409 603 548 683; x_wconf 87' lang='grc' dir='ltr'><strong><em>τορνίκης</em></strong></span> <span class='ocrx_word' id='word_1_28' title='bbox 634 606 676 666; x_wconf 89' lang='grc'>20</span> <span class='ocrx_word' id='word_1_29' title='bbox 703 603 764 663; x_wconf 79' lang='grc' dir='ltr'>τῶν</span> <span class='ocrx_word' id='word_1_30' title='bbox 782 596 865 686; x_wconf 78' lang='grc' dir='ltr'><strong><em>Ῥώς]</em></strong></span> <span class='ocrx_word' id='word_1_31' title='bbox 901 610 937 666; x_wconf 83' lang='lat' dir='ltr'>De</span> <span class='ocrx_word' id='word_1_32' title='bbox 960 612 1010 667; x_wconf 81' lang='lat' dir='ltr'>hac</span> <span class='ocrx_word' id='word_1_33' title='bbox 1032 628 1112 685; x_wconf 81' lang='lat' dir='ltr'><strong>expe·</strong></span> 
     </span>
     <span class='ocr_line' id='line_1_6' title="bbox 145 691 1112 794; baseline 0.004 -46"><span class='ocrx_word' id='word_1_34' title='bbox 145 691 250 749; x_wconf 81' lang='lat' dir='ltr'>ditione</span> <span class='ocrx_word' id='word_1_35' title='bbox 278 693 428 749; x_wconf 85' lang='lat' dir='ltr'><strong>Russorum</strong></span> <span class='ocrx_word' id='word_1_36' title='bbox 457 692 516 748; x_wconf 90' lang='lat' dir='ltr'><strong>vide</strong></span> <span class='ocrx_word' id='word_1_37' title='bbox 551 692 799 766; x_wconf 79' lang='lat' dir='ltr'><strong>chronographiam</strong></span> <span class='ocrx_word' id='word_1_38' title='bbox 826 695 909 751; x_wconf 87' lang='lat' dir='ltr'><strong>Pselli</strong></span> <span class='ocrx_word' id='word_1_39' title='bbox 936 695 1112 794; x_wconf 81' lang='lat' dir='ltr'>ei6sdemque</span> 
     </span>
     <span class='ocr_line' id='line_1_7' title="bbox 145 775 1110 872; baseline 0.004 -40"><span class='ocrx_word' id='word_1_40' title='bbox 145 776 291 851; x_wconf 80' lang='lat' dir='ltr'><strong>epistolas:</strong></span> <span class='ocrx_word' id='word_1_41' title='bbox 326 777 397 834; x_wconf 87' lang='lat' dir='ltr'><strong>unde</strong></span> <span class='ocrx_word' id='word_1_42' title='bbox 424 783 497 851; x_wconf 85' lang='lat' dir='ltr'><strong>patet</strong></span> <span class='ocrx_word' id='word_1_43' title='bbox 528 785 686 852; x_wconf 81' lang='lat' dir='ltr'><strong>penetrasse</strong></span> <span class='ocrx_word' id='word_1_44' title='bbox 715 775 818 834; x_wconf 87' lang='lat' dir='ltr'><strong>Russos</strong></span> <span class='ocrx_word' id='word_1_45' title='bbox 852 796 939 854; x_wconf 83' lang='lat' dir='ltr'><strong>usque</strong></span> <span class='ocrx_word' id='word_1_46' title='bbox 966 783 994 836; x_wconf 87' lang='lat' dir='ltr'>in</span> <span class='ocrx_word' id='word_1_47' title='bbox 1022 781 1110 872; x_wconf 83' lang='lat' dir='ltr'>slpu16</span> 
     </span>
     <span class='ocr_line' id='line_1_8' title="bbox 144 848 1108 940; baseline 0.001 -22"><span class='ocrx_word' id='word_1_48' title='bbox 144 861 415 918; x_wconf 76' lang='lat' dir='ltr'><strong>Nicomedensemss</strong></span> <span class='ocrx_word' id='word_1_49' title='bbox 440 862 465 917; x_wconf 86' lang='lat' dir='ltr'>B.</span> <span class='ocrx_word' id='word_1_50' title='bbox 490 862 585 919; x_wconf 67' lang='lat' dir='ltr'><strong>ttsst&#39;.</strong></span> <span class='ocrx_word' id='word_1_51' title='bbox 667 860 706 918; x_wconf 85' lang='grc'>25</span> <span class='ocrx_word' id='word_1_52' title='bbox 731 848 802 940; x_wconf 75' lang='grc' dir='ltr'>οὖν]</span> <span class='ocrx_word' id='word_1_53' title='bbox 825 861 900 938; x_wconf 76' lang='grc' dir='ltr'><strong><em>γοῦν</em></strong></span> <span class='ocrx_word' id='word_1_54' title='bbox 972 865 1012 922; x_wconf 83' lang='grc'>27</span> <span class='ocrx_word' id='word_1_55' title='bbox 1034 849 1108 939; x_wconf 87' lang='grc' dir='ltr'>παρ’</span> 
     </span>
     <span class='ocr_line' id='line_1_9' title="bbox 144 933 1109 1040; baseline 0.006 -40"><span class='ocrx_word' id='word_1_56' title='bbox 144 939 269 1040; x_wconf 77' lang='grc' dir='ltr'>ἑαυτῶν]</span> <span class='ocrx_word' id='word_1_57' title='bbox 294 933 365 1018; x_wconf 85' lang='grc' dir='ltr'><strong><em>παρ’</em></strong></span> <span class='ocrx_word' id='word_1_58' title='bbox 384 964 437 1002; x_wconf 91' lang='grc' dir='ltr'>οιιι.</span> <span class='ocrx_word' id='word_1_59' title='bbox 497 945 533 1003; x_wconf 88' lang='lat' dir='ltr'>ib.</span> <span class='ocrx_word' id='word_1_60' title='bbox 556 936 795 1024; x_wconf 79' lang='grc' dir='ltr'>άντωνοάμενοι]</span> <span class='ocrx_word' id='word_1_61' title='bbox 818 938 1012 1022; x_wconf 75' lang='grc' dir='ltr'>ἐξωνούμενοι</span> <span class='ocrx_word' id='word_1_62' title='bbox 1070 949 1109 1006; x_wconf 89' lang='grc'>29</span> 
     </span>
     <span class='ocr_line' id='line_1_10' title="bbox 144 1019 629 1184; baseline -0.006 -96"><span class='ocrx_word' id='word_1_63' title='bbox 144 1019 370 1184; x_wconf 80' lang='grc' dir='ltr'><strong><em>ἐπηκόλομθον]</em></strong></span> <span class='ocrx_word' id='word_1_64' title='bbox 394 1023 629 1104; x_wconf 78' lang='grc' dir='ltr'><strong><em>ἐπηκολούθουν.</em></strong></span> 
     </span>
    </p>
   </div>
   <div class='ocr_carea' id='block_1_3' title="bbox 141 1147 1110 2152">
    <p class='ocr_par' dir='ltr' id='par_1_4' title="bbox 143 1147 1110 1364">
     <span class='ocr_line' id='line_1_11' title="bbox 143 1147 1110 1298; baseline 0.004 -42"><span class='ocrx_word' id='word_1_65' title='bbox 143 1193 257 1276; x_wconf 83' lang='grc' dir='ltr'>νήσεοις</span> <span class='ocrx_word' id='word_1_66' title='bbox 331 1200 369 1257; x_wconf 87' lang='grc'>14</span> <span class='ocrx_word' id='word_1_67' title='bbox 391 1194 433 1275; x_wconf 78' lang='grc' dir='ltr'>μη</span> <span class='ocrx_word' id='word_1_68' title='bbox 457 1218 510 1258; x_wconf 89' lang='lat' dir='ltr'>om.</span> <span class='ocrx_word' id='word_1_69' title='bbox 589 1201 627 1258; x_wconf 90' lang='grc'>19</span> <span class='ocrx_word' id='word_1_70' title='bbox 650 1191 855 1279; x_wconf 75' lang='grc' dir='ltr'><strong>αὐτοκράτωρ]</strong></span> <span class='ocrx_word' id='word_1_71' title='bbox 880 1200 998 1298; x_wconf 77' lang='grc' dir='ltr'><strong><em>κρατῶν</em></strong></span> <span class='ocrx_word' id='word_1_72' title='bbox 1070 1147 1110 1260; x_wconf 89' lang='lat'>31</span> 
     </span>
     <span class='ocr_line' id='line_1_12' title="bbox 143 1276 956 1425; baseline 0 -83"><span class='ocrx_word' id='word_1_73' title='bbox 143 1276 385 1360; x_wconf 77' lang='grc' dir='ltr'><strong><em>κατετεντοχήθη</em></strong></span> <span class='ocrx_word' id='word_1_74' title='bbox 409 1282 589 1425; x_wconf 81' lang='lat' dir='ltr'><strong>(typothetae</strong></span> <span class='ocrx_word' id='word_1_75' title='bbox 606 1281 712 1364; x_wconf 83' lang='lat' dir='ltr'><strong>error)]</strong></span> <span class='ocrx_word' id='word_1_76' title='bbox 737 1277 956 1387; x_wconf 72' lang='grc' dir='ltr'><strong><em>κατερτμχήθη.</em></strong></span> 
     </span>
    </p>

    <p class='ocr_par' dir='ltr' id='par_1_5' title="bbox 141 1361 1110 2130">
     <span class='ocr_line' id='line_1_13' title="bbox 207 1361 1108 1452; baseline 0.002 -24"><span class='ocrx_word' id='word_1_77' title='bbox 207 1364 278 1437; x_wconf 89' lang='grc'>169,</span> <span class='ocrx_word' id='word_1_78' title='bbox 302 1363 359 1428; x_wconf 76' lang='grc' dir='ltr'>8ἕ</span> <span class='ocrx_word' id='word_1_79' title='bbox 358 1387 418 1444; x_wconf 88' lang='grc' dir='ltr'>πην</span> <span class='ocrx_word' id='word_1_80' title='bbox 421 1363 546 1448; x_wconf 76' lang='grc' dir='ltr'><strong><em>έχθη]ἒ</em></strong></span> <span class='ocrx_word' id='word_1_81' title='bbox 546 1362 676 1442; x_wconf 80' lang='grc' dir='ltr'><strong><em>πήνεκτο</em></strong></span> <span class='ocrx_word' id='word_1_82' title='bbox 743 1372 782 1428; x_wconf 86' lang='grc'>13</span> <span class='ocrx_word' id='word_1_83' title='bbox 804 1362 900 1449; x_wconf 78' lang='grc' dir='ltr'>ἠϊόσι]</span> <span class='ocrx_word' id='word_1_84' title='bbox 924 1361 1004 1452; x_wconf 78' lang='grc' dir='ltr'>ἠόσι]</span> <span class='ocrx_word' id='word_1_85' title='bbox 1072 1373 1108 1430; x_wconf 89' lang='lat' dir='ltr'>ib.</span> 
     </span>
     <span class='ocr_line' id='line_1_14' title="bbox 143 1431 1108 1558; baseline 0.003 -48.044"><span class='ocrx_word' id='word_1_86' title='bbox 143 1448 396 1558; x_wconf 65' lang='grc' dir='ltr'>ἐιρβρασσομένονς</span> <span class='ocrx_word' id='word_1_87' title='bbox 418 1452 471 1511; x_wconf 74' lang='grc' dir='ltr'>τοῦ</span> <span class='ocrx_word' id='word_1_88' title='bbox 492 1447 646 1552; x_wconf 79' lang='grc' dir='ltr'><strong><em>κλύδωνος</em></strong></span> <span class='ocrx_word' id='word_1_89' title='bbox 667 1465 731 1531; x_wconf 84' lang='lat' dir='ltr'><strong>pest</strong></span> <span class='ocrx_word' id='word_1_90' title='bbox 753 1431 934 1554; x_wconf 66' lang='grc' dir='ltr'>διέηθειρεν</span> <span class='ocrx_word' id='word_1_91' title='bbox 949 1474 1003 1514; x_wconf 90' lang='lat' dir='ltr'>om.</span> <span class='ocrx_word' id='word_1_92' title='bbox 1070 1457 1108 1513; x_wconf 91' lang='grc'>16</span> 
     </span>
     <span class='ocr_line' id='line_1_15' title="bbox 142 1526 1109 1638; baseline -0.001 -42"><span class='ocrx_word' id='word_1_93' title='bbox 142 1527 265 1638; x_wconf 68' lang='lat'>066666]</span> <span class='ocrx_word' id='word_1_94' title='bbox 295 1527 395 1596; x_wconf 75' lang='grc' dir='ltr'>οὑτοσὶ</span> <span class='ocrx_word' id='word_1_95' title='bbox 483 1540 522 1598; x_wconf 92' lang='grc'>22</span> <span class='ocrx_word' id='word_1_96' title='bbox 553 1529 581 1594; x_wconf 90' lang='lat'>6&#39;</span> <span class='ocrx_word' id='word_1_97' title='bbox 606 1527 779 1637; x_wconf 78' lang='grc' dir='ltr'>ἡΠερσων</span> <span class='ocrx_word' id='word_1_98' title='bbox 800 1526 890 1617; x_wconf 74' lang='lat'>6666,</span> <span class='ocrx_word' id='word_1_99' title='bbox 919 1537 980 1598; x_wconf 77' lang='grc' dir='ltr'>τῶν</span> <span class='ocrx_word' id='word_1_100' title='bbox 1005 1542 1109 1597; x_wconf 88' lang='grc' dir='ltr'><strong><em>Μακε-</em></strong></span> 
     </span>
     <span class='ocr_line' id='line_1_16' title="bbox 144 1611 1109 1727; baseline -0.001 -47"><span class='ocrx_word' id='word_1_101' title='bbox 144 1615 242 1682; x_wconf 78' lang='grc' dir='ltr'><strong><em>δόναν</em></strong></span> <span class='ocrx_word' id='word_1_102' title='bbox 270 1612 318 1698; x_wconf 76' lang='grc' dir='ltr'>ἐφ’</span> <span class='ocrx_word' id='word_1_103' title='bbox 344 1611 467 1692; x_wconf 77' lang='grc' dir='ltr'><strong><em>ἕαντούς</em></strong></span> <span class='ocrx_word' id='word_1_104' title='bbox 489 1618 663 1727; x_wconf 79' lang='grc' dir='ltr'><strong><em>τραπέντων</em></strong></span> <span class='ocrx_word' id='word_1_105' title='bbox 684 1619 734 1681; x_wconf 85' lang='grc' dir='ltr'>καλ</span> <span class='ocrx_word' id='word_1_106' title='bbox 756 1613 999 1722; x_wconf 76' lang='grc' dir='ltr'>άμτιμαχομένιιν</span> <span class='ocrx_word' id='word_1_107' title='bbox 1021 1611 1109 1697; x_wconf 83' lang='grc' dir='ltr'><strong><em>άλλή-</em></strong></span> 
     </span>
     <span class='ocr_line' id='line_1_17' title="bbox 141 1696 1109 1813; baseline -0.002 -47"><span class='ocrx_word' id='word_1_108' title='bbox 141 1709 219 1784; x_wconf 82' lang='grc' dir='ltr'>λοις,</span> <span class='ocrx_word' id='word_1_109' title='bbox 242 1703 344 1785; x_wconf 78' lang='grc' dir='ltr'>ἴσχυσε</span> <span class='ocrx_word' id='word_1_110' title='bbox 365 1702 457 1765; x_wconf 89' lang='grc' dir='ltr'>πάλιν</span> <span class='ocrx_word' id='word_1_111' title='bbox 480 1700 543 1806; x_wconf 79' lang='grc' dir='ltr'>τὴν</span> <span class='ocrx_word' id='word_1_112' title='bbox 556 1697 669 1813; x_wconf 73' lang='grc' dir='ltr'><strong><em>ἀρχὴν</em></strong></span> <span class='ocrx_word' id='word_1_113' title='bbox 675 1697 908 1806; x_wconf 76' lang='grc' dir='ltr'>άνασράσρισθαι,</span> <span class='ocrx_word' id='word_1_114' title='bbox 938 1696 978 1778; x_wconf 78' lang='grc' dir='ltr'><strong><em>ὦς</em></strong></span> <span class='ocrx_word' id='word_1_115' title='bbox 1000 1703 1109 1785; x_wconf 74' lang='grc' dir='ltr'><strong><em>ἔμπρο-</em></strong></span> 
     </span>
     <span class='ocr_line' id='line_1_18' title="bbox 142 1781 1110 1894; baseline -0.003 -41"><span class='ocrx_word' id='word_1_116' title='bbox 142 1790 217 1854; x_wconf 80' lang='grc' dir='ltr'><strong><em>σθέν</em></strong></span> <span class='ocrx_word' id='word_1_117' title='bbox 244 1811 296 1869; x_wconf 92' lang='grc' dir='ltr'>μοι</span> <span class='ocrx_word' id='word_1_118' title='bbox 310 1781 543 1892; x_wconf 79' lang='grc' dir='ltr'>ἱστόρηται,</span> <span class='ocrx_word' id='word_1_119' title='bbox 525 1813 547 1887; x_wconf 88' lang='lat'>6</span> <span class='ocrx_word' id='word_1_120' title='bbox 575 1787 604 1848; x_wconf 82' lang='grc' dir='ltr'>δ’</span> <span class='ocrx_word' id='word_1_121' title='bbox 627 1783 722 1865; x_wconf 73' lang='grc' dir='ltr'>αὖθις</span> <span class='ocrx_word' id='word_1_122' title='bbox 749 1781 809 1851; x_wconf 76' lang='lat'>666</span> <span class='ocrx_word' id='word_1_123' title='bbox 837 1791 1028 1894; x_wconf 85' lang='grc' dir='ltr'>Σαρακηνάιν</span> <span class='ocrx_word' id='word_1_124' title='bbox 1055 1788 1110 1891; x_wconf 79' lang='grc' dir='ltr'>τὴν</span> 
     </span>
     <span class='ocr_line' id='line_1_19' title="bbox 143 1867 1107 1980; baseline 0 -43"><span class='ocrx_word' id='word_1_125' title='bbox 143 1874 244 1952; x_wconf 73' lang='grc' dir='ltr'>ἕξουσί</span> <span class='ocrx_word' id='word_1_126' title='bbox 242 1897 280 1936; x_wconf 91' lang='grc' dir='ltr'>αν</span> <span class='ocrx_word' id='word_1_127' title='bbox 300 1869 437 1978; x_wconf 69' lang='lat'>6666660</span> <span class='ocrx_word' id='word_1_128' title='bbox 459 1867 622 1936; x_wconf 76' lang='lat' dir='ltr'>6e6066me6</span> <span class='ocrx_word' id='word_1_129' title='bbox 643 1896 674 1936; x_wconf 91' lang='grc' dir='ltr'>τε</span> <span class='ocrx_word' id='word_1_130' title='bbox 687 1881 896 1980; x_wconf 77' lang='grc' dir='ltr'>Σαραιιηνοῑς,</span> <span class='ocrx_word' id='word_1_131' title='bbox 919 1875 969 1938; x_wconf 82' lang='grc' dir='ltr'>καὶ</span> <span class='ocrx_word' id='word_1_132' title='bbox 985 1869 1039 1955; x_wconf 80' lang='grc' dir='ltr'>οὐχ</span> <span class='ocrx_word' id='word_1_133' title='bbox 1048 1867 1107 1976; x_wconf 78' lang='grc' dir='ltr'>ὑφ’</span> 
     </span>
     <span class='ocr_line' id='line_1_20' title="bbox 142 1944 1108 2065; baseline -0.003 -44"><span class='ocrx_word' id='word_1_134' title='bbox 142 1959 196 2022; x_wconf 78' lang='grc' dir='ltr'>ἕνα</span> <span class='ocrx_word' id='word_1_135' title='bbox 216 1953 295 2040; x_wconf 78' lang='grc' dir='ltr'>ἦσαν</span> <span class='ocrx_word' id='word_1_136' title='bbox 315 1953 454 2065; x_wconf 73' lang='grc' dir='ltr'>ἡγεμόνα</span> <span class='ocrx_word' id='word_1_137' title='bbox 468 1961 619 2035; x_wconf 75' lang='grc' dir='ltr'><strong><em>τελοῦντες</em></strong></span> <span class='ocrx_word' id='word_1_138' title='bbox 639 1951 715 2045; x_wconf 80' lang='grc' dir='ltr'><strong><em>πρὸς</em></strong></span> <span class='ocrx_word' id='word_1_139' title='bbox 735 1954 883 2039; x_wconf 76' lang='grc' dir='ltr'><strong><em>ἀλλήλους</em></strong></span> <span class='ocrx_word' id='word_1_140' title='bbox 905 1983 936 2022; x_wconf 82' lang='grc' dir='ltr'>τε</span> <span class='ocrx_word' id='word_1_141' title='bbox 958 1959 1010 2022; x_wconf 83' lang='grc' dir='ltr'>καὶ</span> <span class='ocrx_word' id='word_1_142' title='bbox 1026 1944 1108 2022; x_wconf 76' lang='grc' dir='ltr'>οὗτοι</span> 
     </span>
     <span class='ocr_line' id='line_1_21' title="bbox 141 2037 1109 2152; baseline -0.001 -46"><span class='ocrx_word' id='word_1_143' title='bbox 141 2041 352 2147; x_wconf 79' lang='grc' dir='ltr'>στασιάσαντες</span> <span class='ocrx_word' id='word_1_144' title='bbox 373 2046 414 2120; x_wconf 85' lang='grc' dir='ltr'>εἰς</span> <span class='ocrx_word' id='word_1_145' title='bbox 435 2039 619 2120; x_wconf 74' lang='grc' dir='ltr'>ἀντιπάλους</span> <span class='ocrx_word' id='word_1_146' title='bbox 644 2047 749 2152; x_wconf 83' lang='grc' dir='ltr'><strong><em>μοίρας</em></strong></span> <span class='ocrx_word' id='word_1_147' title='bbox 769 2044 917 2149; x_wconf 77' lang='grc' dir='ltr'>διῄρηντο</span> <span class='ocrx_word' id='word_1_148' title='bbox 945 2045 997 2107; x_wconf 83' lang='grc' dir='ltr'>καλ</span> <span class='ocrx_word' id='word_1_149' title='bbox 1019 2037 1109 2124; x_wconf 78' lang='lat'>6666</span> 
     </span>
    </p>
   </div>
   <div class='ocr_carea' id='block_1_4' title="bbox 17 2122 1107 2238">
    <p class='ocr_par' dir='ltr' id='par_1_6' title="bbox 1 2103 1107 2238">
     <span class='ocr_line' id='line_1_22' title="bbox 17 2122 1107 2238; baseline 0 -47"><span class='ocrx_word' id='word_1_150' title='bbox 17 2203 20 2209; x_wconf 93' lang='lat'>.</span> <span class='ocrx_word' id='word_1_151' title='bbox 142 2135 204 2204; x_wconf 90' lang='grc' dir='ltr'>λοις</span> <span class='ocrx_word' id='word_1_152' title='bbox 226 2123 364 2230; x_wconf 75' lang='grc' dir='ltr'>ἐπῄεσαν</span> <span class='ocrx_word' id='word_1_153' title='bbox 388 2123 570 2235; x_wconf 76' lang='grc' dir='ltr'>Μοοχοάμετ</span> <span class='ocrx_word' id='word_1_154' title='bbox 592 2122 649 2192; x_wconf 75' lang='grc' dir='ltr'>οὖν</span> <span class='ocrx_word' id='word_1_155' title='bbox 664 2127 680 2193; x_wconf 89' lang='grc' dir='ltr'>ὁ</span> <span class='ocrx_word' id='word_1_156' title='bbox 696 2135 750 2194; x_wconf 80' lang='grc' dir='ltr'>τοῦ</span> <span class='ocrx_word' id='word_1_157' title='bbox 758 2125 982 2238; x_wconf 67' lang='lat'>6666666]6&#39;</span> <span class='ocrx_word' id='word_1_158' title='bbox 1002 2125 1107 2208; x_wconf 83' lang='grc' dir='ltr'>ἡπερ-</span> 
     </span>
    </p>
   </div>
   <div class='ocr_carea' id='block_1_5' title="bbox 140 2206 1109 2498">
    <p class='ocr_par' dir='ltr' id='par_1_7' title="bbox 140 2206 1109 2466">
     <span class='ocr_line' id='line_1_23' title="bbox 141 2206 1109 2322; baseline -0.002 -46"><span class='ocrx_word' id='word_1_159' title='bbox 141 2233 203 2277; x_wconf 79' lang='grc' dir='ltr'>σοιν</span> <span class='ocrx_word' id='word_1_160' title='bbox 224 2237 301 2296; x_wconf 87' lang='grc' dir='ltr'><strong><em>αρχη</em></strong></span> <span class='ocrx_word' id='word_1_161' title='bbox 328 2206 348 2292; x_wconf 89' lang='lat'>6</span> <span class='ocrx_word' id='word_1_162' title='bbox 370 2209 528 2317; x_wconf 75' lang='lat'>666666‘</span> <span class='ocrx_word' id='word_1_163' title='bbox 509 2241 530 2296; x_wconf 88' lang='lat'>6</span> <span class='ocrx_word' id='word_1_164' title='bbox 551 2208 773 2295; x_wconf 78' lang='grc' dir='ltr'>μακεδονιιν</span> <span class='ocrx_word' id='word_1_165' title='bbox 752 2239 773 2317; x_wconf 89' lang='lat'>6</span> <span class='ocrx_word' id='word_1_166' title='bbox 796 2213 852 2294; x_wconf 84' lang='grc' dir='ltr'>τὴν</span> <span class='ocrx_word' id='word_1_167' title='bbox 881 2217 1002 2296; x_wconf 80' lang='grc' dir='ltr'>περσῶν</span> <span class='ocrx_word' id='word_1_168' title='bbox 1023 2217 1109 2322; x_wconf 72' lang='lat'>6666·</span> 
     </span>
     <span class='ocr_line' id='line_1_24' title="bbox 141 2291 1109 2402; baseline -0.002 -42"><span class='ocrx_word' id='word_1_169' title='bbox 141 2301 224 2402; x_wconf 82' lang='grc' dir='ltr'><strong><em>λείαν</em></strong></span> <span class='ocrx_word' id='word_1_170' title='bbox 245 2293 425 2361; x_wconf 82' lang='grc' dir='ltr'><strong><em>καθεῖλεν</em></strong></span> <span class='ocrx_word' id='word_1_171' title='bbox 409 2291 467 2362; x_wconf 82' lang='grc' dir='ltr'>οπὸ</span> <span class='ocrx_word' id='word_1_172' title='bbox 491 2303 671 2400; x_wconf 79' lang='grc' dir='ltr'><strong><em>σαρακηνιόν</em></strong></span> <span class='ocrx_word' id='word_1_173' title='bbox 685 2297 855 2402; x_wconf 72' lang='grc' dir='ltr'><strong><em>καθῄρητο·</em></strong></span> <span class='ocrx_word' id='word_1_174' title='bbox 881 2295 943 2362; x_wconf 77' lang='grc' dir='ltr'>εἶτα</span> <span class='ocrx_word' id='word_1_175' title='bbox 957 2298 1009 2360; x_wconf 80' lang='grc' dir='ltr'>καὶ</span> <span class='ocrx_word' id='word_1_176' title='bbox 1025 2291 1109 2361; x_wconf 71' lang='grc' dir='ltr'>οὗτοι</span> 
     </span>
     <span class='ocr_line' id='line_1_25' title="bbox 140 2377 1105 2498; baseline -0.002 -52"><span class='ocrx_word' id='word_1_177' title='bbox 140 2378 215 2466; x_wconf 85' lang='grc' dir='ltr'><strong><em>πρὸς</em></strong></span> <span class='ocrx_word' id='word_1_178' title='bbox 237 2377 384 2462; x_wconf 73' lang='grc' dir='ltr'><strong><em>ἀλλήλους</em></strong></span> <span class='ocrx_word' id='word_1_179' title='bbox 411 2381 619 2498; x_wconf 81' lang='grc' dir='ltr'>στασιάσαντες</span> <span class='ocrx_word' id='word_1_180' title='bbox 646 2387 687 2460; x_wconf 83' lang='grc' dir='ltr'><strong><em>εἰς</em></strong></span> <span class='ocrx_word' id='word_1_181' title='bbox 708 2379 890 2458; x_wconf 79' lang='grc' dir='ltr'>ἀντιπάλους</span> <span class='ocrx_word' id='word_1_182' title='bbox 916 2385 1021 2464; x_wconf 86' lang='grc' dir='ltr'><strong><em>μοίρας</em></strong></span> <span class='ocrx_word' id='word_1_183' title='bbox 1042 2378 1105 2462; x_wconf 76' lang='grc' dir='ltr'>διη·</span> 
     </span>
    </p>
   </div>
   <div class='ocr_carea' id='block_1_6' title="bbox 139 2473 1109 3353">
    <p class='ocr_par' dir='ltr' id='par_1_8' title="bbox 140 2473 1109 2908">
     <span class='ocr_line' id='line_1_26' title="bbox 141 2473 1067 2587; baseline -0.002 -39"><span class='ocrx_word' id='word_1_184' title='bbox 141 2507 232 2566; x_wconf 88' lang='grc' dir='ltr'><strong><em>ρηντο</em></strong></span> <span class='ocrx_word' id='word_1_185' title='bbox 254 2485 305 2548; x_wconf 81' lang='grc' dir='ltr'>καὶ</span> <span class='ocrx_word' id='word_1_186' title='bbox 323 2481 490 2566; x_wconf 81' lang='grc' dir='ltr'>άλλήλοις’</span> <span class='ocrx_word' id='word_1_187' title='bbox 476 2481 633 2587; x_wconf 75' lang='grc' dir='ltr'><strong><em>εμάχοντο·</em></strong></span> <span class='ocrx_word' id='word_1_188' title='bbox 655 2485 819 2586; x_wconf 67' lang='lat'>601606656</span> <span class='ocrx_word' id='word_1_189' title='bbox 834 2483 850 2552; x_wconf 90' lang='lat'>6</span> <span class='ocrx_word' id='word_1_190' title='bbox 868 2488 921 2564; x_wconf 77' lang='grc' dir='ltr'><strong><em>τῆς</em></strong></span> <span class='ocrx_word' id='word_1_191' title='bbox 936 2473 1067 2586; x_wconf 78' lang='lat'>6666666</span> 
     </span>
     <span class='ocr_line' id='line_1_27' title="bbox 143 2563 1109 2674; baseline -0.007 -40"><span class='ocrx_word' id='word_1_192' title='bbox 143 2577 183 2637; x_wconf 86' lang='grc'>28</span> <span class='ocrx_word' id='word_1_193' title='bbox 206 2573 367 2671; x_wconf 80' lang='grc' dir='ltr'>Βασιλείομ</span> <span class='ocrx_word' id='word_1_194' title='bbox 389 2566 670 2674; x_wconf 73' lang='grc' dir='ltr'><strong><em>πορφυρομεννήμον</em></strong></span> <span class='ocrx_word' id='word_1_195' title='bbox 691 2563 781 2654; x_wconf 86' lang='grc' dir='ltr'>κατά]</span> <span class='ocrx_word' id='word_1_196' title='bbox 803 2572 957 2674; x_wconf 77' lang='grc' dir='ltr'>βμσιλείον</span> <span class='ocrx_word' id='word_1_197' title='bbox 979 2574 1033 2633; x_wconf 76' lang='grc' dir='ltr'>τοῦ</span> <span class='ocrx_word' id='word_1_198' title='bbox 1054 2574 1109 2652; x_wconf 83' lang='grc' dir='ltr'>βα-</span> 
     </span>
     <span class='ocr_line' id='line_1_28' title="bbox 140 2649 1109 2759; baseline -0.004 -41"><span class='ocrx_word' id='word_1_199' title='bbox 140 2656 256 2730; x_wconf 82' lang='grc' dir='ltr'>σιλέως·</span> <span class='ocrx_word' id='word_1_200' title='bbox 279 2649 355 2718; x_wconf 88' lang='grc' dir='ltr'>κατά</span> <span class='ocrx_word' id='word_1_201' title='bbox 426 2662 465 2720; x_wconf 90' lang='lat'>31</span> <span class='ocrx_word' id='word_1_202' title='bbox 489 2652 670 2756; x_wconf 81' lang='grc' dir='ltr'>Μονχοάμετ</span> <span class='ocrx_word' id='word_1_203' title='bbox 692 2653 897 2738; x_wconf 83' lang='grc' dir='ltr'><strong><em>ταμματάρχης</em></strong></span> <span class='ocrx_word' id='word_1_204' title='bbox 919 2655 1109 2759; x_wconf 77' lang='grc' dir='ltr'>ταμμρολίπιξ</span> 
     </span>
     <span class='ocr_line' id='line_1_29' title="bbox 142 2735 1109 2846; baseline -0.003 -41"><span class='ocrx_word' id='word_1_205' title='bbox 142 2739 305 2805; x_wconf 81' lang='grc' dir='ltr'><strong><em>Μοοκάλετ</em></strong></span> <span class='ocrx_word' id='word_1_206' title='bbox 325 2737 399 2823; x_wconf 87' lang='grc' dir='ltr'><strong><em>μεθ’</em></strong></span> <span class='ocrx_word' id='word_1_207' title='bbox 423 2735 467 2805; x_wconf 78' lang='grc' dir='ltr'>άν</span> <span class='ocrx_word' id='word_1_208' title='bbox 489 2737 505 2804; x_wconf 93' lang='lat'>6</span> <span class='ocrx_word' id='word_1_209' title='bbox 530 2735 724 2844; x_wconf 83' lang='grc' dir='ltr'><strong><em>Μονχοάμετ]</em></strong></span> <span class='ocrx_word' id='word_1_210' title='bbox 753 2740 920 2846; x_wconf 82' lang='grc' dir='ltr'><strong><em>μονχούμετ</em></strong></span> <span class='ocrx_word' id='word_1_211' title='bbox 947 2736 1109 2824; x_wconf 72' lang='grc' dir='ltr'><strong><em>στρατηγὸς</em></strong></span> 
     </span>
     <span class='ocr_line' id='line_1_30' title="bbox 140 2819 968 2908; baseline 0 -20"><span class='ocrx_word' id='word_1_212' title='bbox 140 2821 336 2908; x_wconf 81' lang='grc' dir='ltr'><strong><em>ταμκρόλόπϊξ</em></strong></span> <span class='ocrx_word' id='word_1_213' title='bbox 357 2821 518 2905; x_wconf 88' lang='grc' dir='ltr'><strong><em>μουκάλετ</em></strong></span> <span class='ocrx_word' id='word_1_214' title='bbox 540 2819 597 2890; x_wconf 77' lang='grc' dir='ltr'>σάν</span> <span class='ocrx_word' id='word_1_215' title='bbox 618 2823 733 2902; x_wconf 81' lang='grc' dir='ltr'>τούτοις</span> <span class='ocrx_word' id='word_1_216' title='bbox 755 2819 771 2888; x_wconf 90' lang='lat'>6</span> <span class='ocrx_word' id='word_1_217' title='bbox 794 2821 968 2908; x_wconf 85' lang='grc' dir='ltr'><strong><em>μουχοάμετ.</em></strong></span> 
     </span>
    </p>

    <p class='ocr_par' dir='ltr' id='par_1_9' title="bbox 139 2908 1107 3335">
     <span class='ocr_line' id='line_1_31' title="bbox 206 2908 1107 3016; baseline -0.001 -41"><span class='ocrx_word' id='word_1_218' title='bbox 206 2911 268 2976; x_wconf 74' lang='lat'>170</span> <span class='ocrx_word' id='word_1_219' title='bbox 273 2910 509 3016; x_wconf 65' lang='grc' dir='ltr'>,5ἕτέροις]”</span> <span class='ocrx_word' id='word_1_220' title='bbox 494 2935 524 2975; x_wconf 88' lang='grc' dir='ltr'>ετ</span> <span class='ocrx_word' id='word_1_221' title='bbox 526 2913 610 2994; x_wconf 83' lang='grc' dir='ltr'><strong><em>έρονς</em></strong></span> <span class='ocrx_word' id='word_1_222' title='bbox 698 2909 764 2991; x_wconf 86' lang='lat'>96</span> <span class='ocrx_word' id='word_1_223' title='bbox 788 2911 821 2974; x_wconf 75' lang='grc' dir='ltr'>δὲ</span> <span class='ocrx_word' id='word_1_224' title='bbox 841 2914 958 3014; x_wconf 79' lang='grc' dir='ltr'><strong><em>γέφμρα</em></strong></span> <span class='ocrx_word' id='word_1_225' title='bbox 979 2908 1107 2991; x_wconf 77' lang='grc' dir='ltr'>ἐπικάρ·</span> 
     </span>
     <span class='ocr_line' id='line_1_32' title="bbox 140 2992 1107 3099; baseline -0.003 -39"><span class='ocrx_word' id='word_1_226' title='bbox 140 2993 273 3099; x_wconf 65' lang='grc' dir='ltr'>μιιτι]“</span> <span class='ocrx_word' id='word_1_227' title='bbox 255 3019 407 3079; x_wconf 81' lang='grc' dir='ltr'>ημεφνριι</span> <span class='ocrx_word' id='word_1_228' title='bbox 426 2992 454 3059; x_wconf 89' lang='lat'>6</span> <span class='ocrx_word' id='word_1_229' title='bbox 471 2995 661 3098; x_wconf 70' lang='grc' dir='ltr'>ἐπεπόριστο</span> <span class='ocrx_word' id='word_1_230' title='bbox 721 3003 761 3062; x_wconf 90' lang='grc'>10</span> <span class='ocrx_word' id='word_1_231' title='bbox 783 2994 1009 3077; x_wconf 74' lang='grc' dir='ltr'>ἐφειστήκεσαν]</span> <span class='ocrx_word' id='word_1_232' title='bbox 1027 2995 1107 3075; x_wconf 78' lang='grc' dir='ltr'>ἐφει-</span> 
     </span>
     <span class='ocr_line' id='line_1_33' title="bbox 139 3077 1105 3187; baseline 0 -45"><span class='ocrx_word' id='word_1_233' title='bbox 139 3078 301 3187; x_wconf 69' lang='grc' dir='ltr'>στήκεισαν</span> <span class='ocrx_word' id='word_1_234' title='bbox 386 3088 425 3147; x_wconf 85' lang='grc'>15</span> <span class='ocrx_word' id='word_1_235' title='bbox 449 3077 629 3164; x_wconf 82' lang='grc' dir='ltr'>στράτευμα]</span> <span class='ocrx_word' id='word_1_236' title='bbox 653 3079 855 3166; x_wconf 80' lang='grc' dir='ltr'>στρατεύματα</span> <span class='ocrx_word' id='word_1_237' title='bbox 934 3087 974 3143; x_wconf 88' lang='grc'>24</span> <span class='ocrx_word' id='word_1_238' title='bbox 990 3079 1105 3162; x_wconf 88' lang='grc' dir='ltr'>άλλοιν]</span> 
     </span>
     <span class='ocr_line' id='line_1_34' title="bbox 140 3157 1108 3274; baseline -0.005 -44"><span class='ocrx_word' id='word_1_239' title='bbox 140 3164 241 3230; x_wconf 71' lang='grc' dir='ltr'><strong><em>ἄλλων</em></strong></span> <span class='ocrx_word' id='word_1_240' title='bbox 262 3157 374 3273; x_wconf 71' lang='grc' dir='ltr'><strong><em>αὐτοῖς</em></strong></span> <span class='ocrx_word' id='word_1_241' title='bbox 452 3172 492 3230; x_wconf 84' lang='grc'>25</span> <span class='ocrx_word' id='word_1_242' title='bbox 514 3168 685 3274; x_wconf 72' lang='grc' dir='ltr'>λεηλασίας]</span> <span class='ocrx_word' id='word_1_243' title='bbox 710 3168 874 3246; x_wconf 86' lang='grc' dir='ltr'>λεηλασίαις</span> <span class='ocrx_word' id='word_1_244' title='bbox 957 3172 995 3230; x_wconf 89' lang='grc'>27</span> <span class='ocrx_word' id='word_1_245' title='bbox 1017 3163 1108 3228; x_wconf 86' lang='grc' dir='ltr'><strong><em>’-Απα</em></strong></span> 
     </span>
     <span class='ocr_line' id='line_1_35' title="bbox 141 3243 1108 3353; baseline -0.003 -39"><span class='ocrx_word' id='word_1_246' title='bbox 141 3243 229 3335; x_wconf 88' lang='grc' dir='ltr'>σχάν]</span> <span class='ocrx_word' id='word_1_247' title='bbox 258 3245 396 3332; x_wconf 84' lang='grc' dir='ltr'>άσπαχάν</span> <span class='ocrx_word' id='word_1_248' title='bbox 489 3257 528 3316; x_wconf 86' lang='grc'>28</span> <span class='ocrx_word' id='word_1_249' title='bbox 558 3251 608 3314; x_wconf 84' lang='grc' dir='ltr'>καὶ</span> <span class='ocrx_word' id='word_1_250' title='bbox 638 3273 692 3353; x_wconf 78' lang='grc' dir='ltr'>ομι.</span> <span class='ocrx_word' id='word_1_251' title='bbox 721 3266 784 3314; x_wconf 82' lang='lat' dir='ltr'><strong>ante</strong></span> <span class='ocrx_word' id='word_1_252' title='bbox 811 3256 999 3332; x_wconf 81' lang='grc' dir='ltr'><strong><em>Σαρακηνῶν</em></strong></span> <span class='ocrx_word' id='word_1_253' title='bbox 1071 3255 1108 3315; x_wconf 88' lang='lat' dir='ltr'>ib.</span> 
     </span>
    </p>
   </div>
   <div class='ocr_carea' id='block_1_7' title="bbox 141 3329 1108 3589">
    <p class='ocr_par' dir='ltr' id='par_1_10' title="bbox 141 3329 1108 3589">
     <span class='ocr_line' id='line_1_36' title="bbox 141 3329 1108 3438; baseline -0.005 -40"><span class='ocrx_word' id='word_1_254' title='bbox 141 3338 318 3418; x_wconf 78' lang='grc' dir='ltr'>Μουχοιλμετ</span> <span class='ocrx_word' id='word_1_255' title='bbox 340 3337 521 3438; x_wconf 78' lang='grc' dir='ltr'>διέφθαρτο]</span> <span class='ocrx_word' id='word_1_256' title='bbox 546 3331 714 3416; x_wconf 76' lang='grc' dir='ltr'><strong><em>μονχοάμετ</em></strong></span> <span class='ocrx_word' id='word_1_257' title='bbox 735 3329 902 3399; x_wconf 78' lang='grc' dir='ltr'><strong><em>ἀπέθανεν·</em></strong></span> <span class='ocrx_word' id='word_1_258' title='bbox 970 3342 1011 3400; x_wconf 87' lang='grc'>30</span> <span class='ocrx_word' id='word_1_259' title='bbox 1035 3341 1108 3414; x_wconf 80' lang='grc' dir='ltr'><strong><em>Ταμ-</em></strong></span> 
     </span>
     <span class='ocr_line' id='line_1_37' title="bbox 141 3419 520 3506; baseline -0.005 -22"><span class='ocrx_word' id='word_1_260' title='bbox 141 3424 289 3506; x_wconf 83' lang='grc' dir='ltr'>κρολλπιξ]</span> <span class='ocrx_word' id='word_1_261' title='bbox 313 3419 520 3504; x_wconf 81' lang='grc' dir='ltr'><strong><em>ταμκρολόπϊξ,</em></strong></span> 
     </span>
     <span class='ocr_line' id='line_1_38' title="bbox 209 3502 1108 3589; baseline -0.012 -20"><span class='ocrx_word' id='word_1_262' title='bbox 209 3507 284 3581; x_wconf 83' lang='grc'>171,</span> <span class='ocrx_word' id='word_1_263' title='bbox 309 3505 329 3570; x_wconf 90' lang='lat'><strong>3</strong></span> <span class='ocrx_word' id='word_1_264' title='bbox 353 3507 582 3589; x_wconf 82' lang='grc' dir='ltr'>Ταμκρολλπικι]</span> <span class='ocrx_word' id='word_1_265' title='bbox 606 3502 822 3586; x_wconf 84' lang='grc' dir='ltr'><strong><em>ταγκρολόπϊκϊ</em></strong></span> <span class='ocrx_word' id='word_1_266' title='bbox 905 3508 944 3564; x_wconf 87' lang='grc'>12</span> <span class='ocrx_word' id='word_1_267' title='bbox 968 3507 1108 3579; x_wconf 89' lang='grc' dir='ltr'><strong><em>Βααπρα</em></strong></span> 
     </span>
    </p>
   </div>
   <div class='ocr_carea' id='block_1_8' title="bbox 0 0 1270 3844">
    <p class='ocr_par' dir='ltr' id='par_1_11' title="bbox 0 0 1270 3844">
     <span class='ocr_line' id='line_1_39' title="bbox 0 0 1270 3844; baseline 0 2"><span class='ocrx_word' id='word_1_268' title='bbox 0 0 1270 3844; x_wconf 95' lang='lat' dir='ltr'> </span> 
     </span>
    </p>
   </div>
  </div>
 </body>
</html>
