2544 3852
476 199 524 250 An
544 198 627 254 νοτ..
645 199 693 252 1v.
1006 197 1067 264 139

101 343 181 414 υἰμκι·
201 343 248 398 ενι·
268 341 347 412 apud
368 341 521 413 quamdam
544 331 686 396 civitatem
701 338 856 394 Armeniae
879 341 1065 412 τοικμνελτκ·

99 441 155 482 sus
177 430 205 482 ελ
227 431 370 482 caecatus
393 431 444 481 est.

168 508 241 581 218,
264 509 315 565 21
345 501 484 583 ἐπέμφθη
499 503 602 580 ψῆφος
617 502 777 583 βασίλειος]
801 506 908 564 Ρευλλυε
922 515 1066 582 postquam

103 596 223 650 narravit
244 601 276 649 ut
297 592 425 668 Diogenis
447 592 579 649 libertatis
595 593 707 649 nuntius
728 593 757 647 in
772 590 865 648 urbem
881 593 964 664 venit,
988 608 1067 666 quam

102 697 152 735 sua
175 679 297 756 ipsius
283 693 364 734 manu
393 679 493 751 scripta
498 677 638 777 ερίελολε
667 676 699 732 εδ
722 675 866 732 Ευδοοὶευι
894 674 1066 769 significavit,
1164 711 1166 716 ,

100 754 238 836 θόρυβος
260 755 315 818 οῦν
339 757 452 838 (inquit)
475 749 569 828 εὐθυς
591 754 641 815 καὶ
664 754 826 856 διαδρομαί
843 749 962 854 περὶτὰ
984 757 1072 853 βασί-

104 849 179 920 λεια,
202 844 262 904 τῦν
283 838 339 920 μὲν
353 835 614 942 θαυμαζόντων
585 861 617 900 το
632 833 764 943 γεγονός,
787 841 845 900 τῦν
860 831 923 902 66'
906 835 1066 900 απιστυόν-

101 949 163 988 των
184 931 225 1010 τῷ
246 923 411 1030 πράγματι
425 919 555 1032 άπορίηι
569 921 629 1026 γάρ
650 923 700 984 καλ
728 949 747 1002 η
739 920 886 1004 “βασιλλς
909 925 1066 1026 συνείχετο,

103 1011 154 1073 κοιλ
177 987 382 1092 άμφίβολος
364 1033 424 1110 ην
425 1003 483 1070 ότι
506 1033 558 1072 και
548 1007 719 1108 δράσειεν,
742 1007 774 1070 ἐν
795 1007 892 1086 μέσοις
914 1013 976 1081 τοῖς
996 1001 1067 1070 άπο-

103 1097 260 1176 ρουμίνοις
281 1095 333 1156 καί
356 1086 444 1168 αὐτὸς
458 1087 595 1176 γεγονὼς,
618 1093 669 1156 καί
683 1092 805 1156 πάντων
820 1092 1069 1176 προτρεπομένων

104 1202 157 1260 μοι
178 1180 212 1242 τό
236 1179 390 1261 συμφέρον
412 1179 522 1256 εἰπεῖν,
550 1178 600 1240 καλ
622 1177 751 1260 μάλιστα
780 1177 811 1240 66
838 1182 891 1240 τοῦ
913 1178 1067 1286 καλλίστρυ
1123 1237 1126 1243 Δ

103 1286 156 1372 μοι
179 1265 321 1365 βασιλέως
336 1263 576 1372 προσκειμένοφ
568 1287 619 1324 και
611 1261 957 1408 *3666666666606606'
943 1261 1000 1343 εγῦ
1015 1261 1069 1343 μὲν

103 1345 317 1450 άπεφαινόμην
345 1348 387 1428 μὴ
415 1349 478 1410 δεῖν
505 1339 600 1412 αῦτδν
627 1347 675 1410 ἐπὶ
698 1373 734 1432 τη
722 1351 890 1434 βασιλείᾳ
911 1347 1068 1426 προσδέξ·α

106 1441 193 1513 σθαι,
216 1426 281 1496 ἄλλ’
305 1433 338 1495 ἐκ
347 1432 452 1538 μέρου
465 1439 574 1509 ποιεῖν,
597 1433 647 1494 καί
662 1435 815 1512 πανταχοῦ
836 1433 963 1534 πέμπειν
982 1453 1070 1512 προσ·
1093 1462 1095 1467 ’

103 1514 240 1600 τάγματα
260 1517 319 1597 τὴν
338 1511 434 1598 ἀρχὴν
453 1514 549 1600 τοότφ
569 1512 839 1619 άπαμορευόμενα,
852 1512 925 1618 ὅπερ
939 1525 1001 1591 τοῖς
1016 1515 1071 1596 μὲν

44 1609 51 1613 ’
106 1604 254 1678 λυσιτελὲς
281 1599 376 1666 ἐδόκει
403 1609 465 1680 τοῖς
486 1581 698 1682 καθεστηκόσι.
727 1593 839 1674 τοίςδ’
862 1594 934 1664 6660
963 1625 992 1663 τι
1013 1599 1071 1663 666-

107 1692 206 1752 δοκτο.
242 1687 276 1751 ἐν
296 1689 393 1794 τρότφ
417 1685 449 1750 66
470 1690 531 1748 τῶν
552 1685 734 1768 πραγμάτων
762 1681 875 1765 όντων,
897 1683 1073 1792 ὁβοισιλεῦς

108 1767 236 1853 Μιχαὴλ
257 1771 325 1850 περὶ
348 1749 446 1856 ἕάυτρῦ
468 1772 514 1834 δεί
501 1773 574 1848 ίσας,
598 1772 649 1834 καλ
670 1771 747 1874 τὴν
749 1773 803 1834 τοῦ
820 1735 911 1874 Διόχέ
912 1793 982 1844 νους
996 1767 1071 1833 ῦπο·

106 1854 239 1932 πτεόσας
255 1851 401 1966 ρόμότητα,
416 1835 532 1936 βουλὴν
542 1857 727 1960 βουλεύεται
730 1849 954 1935 ἀσφαλεστάτην
965 1856 1071 1956 ἓαυτφ,

107 1945 190 2006 εἴποι
213 1935 281 2004 6”‘
259 1969 301 2006 αν
321 1965 374 2021 τις,
399 1944 451 2004 καλ
473 1941 617 2006 συνετωτέ
617 1962 687 2022 ραν
710 1937 862 2026 ἀποτρέχει
882 1952 937 2022 τῆς
951 1935 1072 2022 μητρὸς,

107 2028 160 2091 καλ
184 2027 277 2115 ἑαυτῷ
299 2029 419 2108 γίνεται.
457 2033 519 2102 τοῖς
549 2050 579 2090 τε
603 2027 727 2104 ἐξανεψί
725 2050 769 2101 οις
797 2027 979 2128 συμβρόλοις
992 2049 1071 2135 χρη-

108 2108 246 2214 σάμενος,
257 2091 347 2214 φημί
370 2111 402 2176 δὲ
423 2117 484 2186 τοῖς
499 2111 574 2174 υἱέσι
594 2135 647 2174 του
635 2115 822 2193 Καίσαρος,
843 2105 913 2185 τοῦς
934 2110 1002 2193 περί
1018 2109 1073 2190 τὴν

108 2191 208 2276 αὐλὴν
231 2192 368 2276 φῦλακας
383 2197 553 2260 οἰκειοῦται
587 2201 637 2258 ld
630 2219 720 2277 lpsum
740 2203 841 2276 repetit
862 2205 889 2258 in
905 2201 1025 2276 Epistola
1040 2201 1073 2257 ad

109 2289 227 2349 eundem
254 2287 401 2385 Diogenem
428 2295 574 2382 postquam
602 2295 760 2349 excaecatus
789 2287 855 2358 fuit,
885 2286 919 2342 de
946 2285 1074 2342 ΜλοΙιευΙε

108 2374 176 2448 Imp
190 2362 337 2448 ’Ήλχησεν
358 2360 528 2438 άκοῦσαςτ
512 2365 570 2442 την
592 2365 705 2445 ψυχὴν,
728 2363 861 2440 ἐστέναξε
875 2363 960 2445 μέγα,
982 2359 1073 2464 ἐθρη-

111 2469 213 2530 νησεν,
237 2451 376 2553 ἐκόψατο,
400 2452 575 2549 περιπαθῶς
596 2463 648 2512 etc.
683 2449 724 2530 μὴ
737 2446 908 2557 άπιστησης
930 2471 980 2526 μοι
1002 2443 1075 2552 χρά-

109 2559 214 2636 φρντι,
236 2528 273 2598 οῦ
295 2534 412 2616 ψευδὴς
433 2533 450 2598 6
473 2531 574 2616 λόγος,
597 2525 667 2596 οῦδὲ
688 2533 764 2612 πρός
786 2530 881 2616 χάριν,
910 2529 977 2595 666’
1001 2529 1073 2611 άλη-

111 2615 183 2700 θὴς,
205 2621 257 2682 καλ
280 2619 380 2698 φωτός
400 2619 636 2702 τηλαυγέστερος.

177 2711 333 2784 219,13
368 2706 587 2788 μητροπολίτην
615 2703 709 2782 Σίδης
731 2695 889 2785 Ἰωάννην]
926 2707 993 2762 λδ
985 2725 1075 2782 ιρειιιυ

111 2795 205 2872 prodit
226 2755 369 2853 B6lsamon
392 2795 424 2851 ad
446 2812 505 2853 can.
528 2795 549 2851 4
572 2793 684 2852 Concilii
706 2793 948 2864 Calchedonensis‚
970 2792 1017 2850 ubi
1040 2794 1076 2848 ait

111 2881 261 2956 Episcopos
282 2879 418 2937 interdum
448 2879 480 2936 ab
502 2879 668 2978 Ιτυροτεῑοτε
693 2878 816 2979 μυοΙλορε
843 2879 883 2934 rei
906 2877 1076 2978 admipistra-

111 2967 182 3022 υόυἰ
203 2963 312 3038 praefici
334 2981 427 3040 posse,
451 2955 502 3019 διδ
523 2955 581 3038 γάρ
604 2968 701 3035 τοῦτο,
726 2954 767 3030 άς
789 2957 877 3034 ἔοικε,
899 2955 949 3016 καί
972 2949 1076 3034 ὁΜη·

110 3045 286 3126 τροπολίτης
307 3039 462 3117 ἐκείνος“
448 3067 464 3106 ο
489 3043 582 3122 Σίδης
603 3039 867 3122 άπαρεμποδίστως
889 3033 925 3101 τά
947 3043 1062 3118 τῆςα
1023 3043 1077 3142 βρι·

111 3129 224 3202 τελείας
245 3125 395 3233 οίηονόμει
416 3123 565 3211 προσώπῳ
592 3129 646 3188 τοῦ
667 3127 810 3230 βασιλέως
832 3127 927 3206 πυροῦ
949 3120 1077 3204 Μιχαὴλ

109 3215 166 3276 τοῦ
189 3211 316 3287 Λουκός.

179 3303 252 3373 220,
274 3303 305 3360 2.
335 3294 351 3404 6
374 3291 431 3404 γρλρ
445 3287 586 3404 βασιλεῦς
600 3294 835 3404 παιδριριοβδεσιν
845 3289 986 3399 ἐσχόλαζε
1001 3290 1077 3371 πρά-

111 3383 189 3484 ξεσι]
217 3388 303 3445 Infra:
333 3379 431 3490 ὁχάρ
452 3379 592 3464 βασιλεῦς
619 3380 687 3461 περὶ
709 3375 815 3461 λόχους
836 3371 998 3482 ησχόλητο,
1026 3377 1078 3438 καί

112 3463 241 3549 ἰάμβους
261 3467 437 3531 συντιθέναι
458 3466 534 3550 πρδς
555 3470 609 3528 τοῦ
631 3467 750 3528 Ψελλοῦ
772 3460 950 3526 ἐδιδάσκετο.
981 3467 1079 3526 Eadem
