2550 3854
544 145 593 196 AD
612 147 695 202 VOL.
713 145 760 197 IV.
1074 142 1134 206 119

167 275 236 362 χδς
246 277 262 342 6
286 278 392 359 μεταξὺ
416 273 520 359 χρόνος
549 279 601 338 καὶ
626 273 777 376 Θεόφιλος
797 277 850 376 μὲν
873 280 934 379 τμόν
961 281 1030 363 τῇδε
1052 300 1133 357 μετε-

169 363 273 465 χώρει,
301 361 439 468 Μιχαὴλ
451 363 482 427 δὲ
504 363 555 424 καὶ
582 362 722 472 6eo6c666
743 355 803 462 τὴν
821 355 917 461 ἀρχὴν
939 341 1132 471 διόδέχοντριι.

171 446 328 522 Μεθόδιος
343 448 375 510 δὲ
389 455 451 522 τοῖς
473 450 573 528 ἱεροῖς,
599 443 638 522 ὡς
661 445 740 553 ἱερός
761 449 803 532 τῷ
826 440 892 511 ὄντι
914 447 967 508 καὶ
989 445 1103 509 666’
1083 473 1134 547 αν-

170 541 304 634 θρωπος,
318 531 494 640 ἕνιδριίετομ
516 529 653 632 θρόνοις,
677 533 728 594 καὶ
748 509 909 594 συνελόντα
929 529 1040 638 φρὶναι,
1060 528 1134 594 πόν-

169 645 227 692 τωρ
248 613 330 699 αὐτῷ
352 617 428 723 πρὸς
449 611 505 696 τὴν
520 612 684 697 όρθόδοξον
700 621 799 679 πίστιν
819 615 1039 697 μεταθεμένων,
1061 617 1133 678 κλύ-

170 705 266 779 δωνος
288 679 319 766 66
342 703 461 808 666669
483 702 533 804 666
549 705 703 812 τρικυμίας
725 705 985 803 κατευνασθείσιχς,
1007 703 1133 764 καὶτῶν

169 786 352 870 πραγμάτων
378 783 591 898 ἠρεμούντων,
624 787 706 866 ἑτέρα
733 809 778 860 τις
806 779 887 887 πυροὶ
915 791 975 849 των
987 781 1133 896 εὐσεβῶν

167 872 312 953 ἐγείρεται
333 871 448 949 στάσις,
472 873 523 935 καὶ
545 876 585 946 είς
609 873 707 946 διττὰς
730 868 816 946 δόξας
819 867 942 972 ἐχωρει.
965 873 997 932 06
1008 871 1062 951 μὲν
1076 870 1134 954 γάρ
1209 903 1212 910 ·

167 957 417 1064 σρλλειτουργοδς
439 957 516 1036 ἔχειν
538 951 641 1035 ἠξίουν
658 957 739 1056 τοὺς
749 949 830 1063 παρβ
851 961 912 1018 τῶν
934 953 1134 1038 είκονομόχων

170 1042 203 1104 τδ
227 1045 279 1120 τῆς
301 1040 464 1121 ἱερωσύνης
484 1037 596 1122 ἀξίωμα
619 1038 777 1141 λαβόντας,
798 1039 838 1118 ὡς
859 1037 948 1104 οὐδὲν
969 1040 1077 1104 τούτου
1099 1041 1136 1126 τῇ

169 1119 305 1228 εὐσεβείᾳ
328 1127 570 1238 λυμαινομένου
580 1129 612 1188 ot
631 1128 716 1190 δὲε
683 1121 862 1228 βεβόλοις“
841 1151 926 1222 6666
935 1127 1033 1207 χερσὶν
1056 1127 1134 1190 ἐκδι-

170 1206 303 1274 δόννι’
285 1216 410 1286 οινοσίως
425 1207 563 1319 ὅλως,’
550 1207 645 1316 66666
671 1211 703 1274 τό
732 1235 780 1311 7⁸.
793 1205 828 1274 οὐ
856 1210 926 1296 663
952 1215 1041 1292 φίλον
1064 1211 1135 1278 0666

167 1290 351 1360 ἀπόδεκτον
382 1290 517 1394 καὶμὴν
540 1295 579 1370 ὡς
593 1289 716 1376 ἀληθῶς
737 1299 780 1380 τῷ
803 1301 870 1384 Θεῷ
893 1299 952 1370 ζῶν
976 1293 1135 1372 Μεθόδιος

169 1375 364 1490 ἥσχαλλεν,’
346 1385 461 1460 ηνιᾶτο,
485 1375 541 1458 τὴν
563 1383 688 1462 καρδίαν
711 1361 913 1490 ἐκόπτετρ,
883 1405 937 1446 τον
959 1381 1051 1484 μέγαν
1073 1391 1135 1457 τοῖς

171 1459 245 1566 6066
276 1466 404 1576 ίνιγχεμν
419 1469 547 1528 Παῦλον
573 1467 731 1566 μονμνρυχὶ
766 1470 888 1530 τοιαῦτα
907 1467 1134 1574 φθεγγόμενον,

169 1545 245 1614 ὥστε
273 1553 324 1614 καλ
344 1545 485 1650 ἆνόβεμρι
514 1545 635 1614 εἶναι
618 1545 678 1614 από
702 1547 877 1635 Χριστοῦ
860 1550 936 1632 υπὲρ
962 1556 1024 1614 τῶν
1050 1549 1134 1613 ἀδελ-

169 1641 240 1714 (μων
262 1659 319 1715 μου
342 1631 417 1698 κατὰ
438 1634 535 1713 σάρκα
558 1651 611 1698 ete.

236 1727 339 1799 2,13
370 1721 443 1800 φασὶ
465 1721 517 1782 καλ
539 1722 607 1803 etc]
642 1727 669 1782 ht
692 1730 771 1785 etiam
794 1727 918 1802 pluribus
940 1737 1135 1784 commemorat

167 1820 267 1870 auctor
289 1811 422 1870 Orationis
445 1813 618 1869 historicae
611 1829 639 1869 in
654 1813 763 1870 Festum
779 1813 968 1870 Restitutionis
985 1811 1134 1887 imaginum

167 1912 185 1952 a
209 1895 369 1954 combefisio
392 1897 480 1954 editus
502 1915 530 1970 p.
556 1897 624 1955 732.
650 1897 719 1955 733.

235 1981 264 2051 2,
289 1981 338 2038 15.
369 1973 475 2053 κοινὴν
496 1983 704 2057 προσενεγκεῖν
726 1975 841 2058 δέησιν]
871 1982 972 2056 Nempe
1000 1999 1031 2038 ea
1054 1981 1135 2038 Grae·

167 2082 265 2122 corum
288 2069 379 2140 opinio
402 2077 452 2134 est,
475 2064 642 2140 infidelibus,
667 2067 917 2142 impoenitentibus,
941 2075 970 2122 et
991 2068 1018 2122 in
1040 2083 1133 2141 pecca-

170 2152 207 2205 tis
230 2152 361 2221 mortuis,
389 2167 484 2224 preces
512 2151 672 2208 Sanctorum
694 2151 828 2226 proficuas
857 2167 926 2207 esse.
972 2151 1037 2206 Vide
1063 2151 1134 2206 Alla-

171 2236 238 2290 tium
261 2235 295 2290 de
316 2235 392 2291 libris
408 2234 510 2292 Eccles
528 2235 656 2292 Graecos.
672 2235 781 2292 dissert.
797 2235 826 2290 2.
842 2235 954 2308 6123.
973 2233 1042 2291 125.
1063 2235 1132 2292 126.

236 2319 271 2390 3,
295 2320 323 2378 3.
354 2313 455 2419 μέχρις
479 2308 639 2386 ἕκοντόδος
659 2313 789 2412 διπλῆς]
819 2318 937 2393 Symeon
965 2318 1133 2392 Logothcta:

168 2400 302 2501 μαριίζτι
323 2396 419 2460 αὐτόν
440 2399 604 2470 διακοσίοις
626 2393 738 2479 λώροις.
775 2403 902 2460 Solebam
924 2419 1019 2476 nempe
1042 2419 1136 2460 nume·

171 2489 224 2544 rari
251 2489 422 2562 flagellorum
450 2491 534 2558 ictus,
563 2501 594 2544 nt
621 2491 649 2545 in
679 2489 767 2545 Gloss.
796 2487 866 2544 med.
895 2487 953 2543 het.
983 2487 1133 2544 docuimus.

171 2570 277 2630 contin.
302 2573 475 2648 Theophanis
498 2531 544 2631 16.
568 2573 595 2630 4.
620 2591 646 2630 n.
671 2572 709 2628 22
734 2565 856 2645 ίτδφθιρ
878 2565 1099 2647 μαγκλιίβιαέξ
1101 2590 1133 2644 6-

171 2673 269 2712 κοντα.

237 2741 271 2811 3,
295 2742 323 2800 6.
349 2731 574 2818 συσκευάζουσι]
598 2743 676 2798 Varia
699 2743 726 2798 S.
751 2740 880 2798 hiethodii
903 2742 1050 2798 certamina
1073 2742 1136 2797 atti·

170 2827 215 2900 git
237 2828 317 2882 etiam
339 2835 434 2883 auctor
456 2826 490 2882 de
513 2827 680 2884 Orthodoxia
702 2845 728 2900 p.
753 2826 823 2884 718.

236 2910 271 2984 6,
294 2910 324 2970 8.
354 2904 507 2988 2660666]
542 2911 607 2967 victe
635 2911 784 2968 Gedrenom
811 2929 838 2984 p
864 2910 924 2968 746
953 2919 981 2966 et
1009 2911 1133 2966 humilius

169 2994 389 3088 Dalmaticasp.
403 2996 473 3098 31β

235 3079 345 3154 6,13.
376 3067 391 3136 6
419 3075 473 3154 μὲν
501 3068 558 3137 οὖν
586 3073 778 3156 Θεόκτιστος]
807 3080 919 3136 Cassum
949 3029 1134 3135 'iheoctistum

170 3157 212 3230 είς
239 3124 325 3220 κόῐλοι
354 3163 406 3222 τοῦ
432 3159 631 3240 ίπποδρομίου
659 3165 753 3221 scribit
781 3163 934 3220 Codinus
927 3179 954 3218 tn
984 3162 1059 3237 θεὶς.
1083 3161 1133 3223 GP.

171 3263 199 3302 n.
224 3249 295 3310 109.

236 3323 500 3410 6,11.Βόρδας]
529 3333 667 3409 idipsum
697 3341 787 3390 narrat
814 3334 894 3390 etiaim
921 3334 1079 3406 heronymus
1107 3333 1135 3388 in

171 3416 226 3472 vita
249 3417 276 3474 S.
300 3419 401 3476 Nicohri
424 3419 549 3476 Stoditse
571 3437 598 3492 p.
623 3417 695 3476 934.
