2548 3850
490 218 711 274 mecum
1045 218 1087 284 63

119 360 225 417 char-iae
248 367 276 416 et
298 359 413 422 havidis,
436 376 550 433 quarum
566 369 651 416 artem
673 369 701 416 et
721 367 890 416 venustatem
907 361 999 418 multis
1014 379 1087 419 com·

118 444 228 500 mendat
253 443 370 500 Photius
398 445 478 502 codd.
508 445 568 502 183
597 455 626 501 et
657 445 727 502 184.
777 444 918 502 Caeterum
945 461 1086 520 perperam

1 555 2 610 p
120 529 258 585 Homerici
280 527 415 586 Centones
437 527 589 599 lindonae,
610 528 679 586 Zoes
702 531 807 604 sorori,
830 530 999 586 Constantini
1020 531 1085 604 lmp.

1 613 2 690 f
117 613 207 669 Basilii
228 613 423 688 Bulgaroctoni
445 614 552 676 fratris,
575 612 662 685 filiae,
687 613 877 671 adscribuntur
898 617 925 670 iu
948 614 1010 672 cod.
1026 614 1087 670 Col-

1 747 2 754 .
117 697 230 770 berrao,
259 699 311 755 hoc
338 697 479 756 lemmate:
508 689 657 768 Εόιλοξίας
680 695 733 769 τῆς
754 688 886 771 ἀδελφῆς
912 695 966 770 τῆς
993 695 1087 772 νευρᾶς

1 786 2 834 3
119 779 204 854 Ζωῆς
230 769 460 855 Ὁμηρόκεντρα.
504 782 569 839 ham
593 799 673 858 συοιυ
701 785 851 857 scriptores
873 784 1012 857 Byzantini
1033 782 1086 839 Eu-

117 867 238 940 dociam‚
267 867 382 924 loannes
404 867 597 924 Euchaitorum
619 867 846 942 Metropolitanus
871 867 1018 925 Eudoxiam
1039 885 1087 924 vo·

1 955 2 958 ’
116 961 161 1009 cat
181 970 209 1027 p.
231 951 282 1010 41.

182 1053 254 1126 244,
278 1053 328 1110 25.
357 1046 388 1108 ἕν
410 1053 472 1120 τοῖς
493 1045 612 1126 χρόνοις
635 1046 681 1132 δὲ]
710 1053 785 1110 lianc
806 1055 947 1110 historiam
969 1055 1086 1127 attigere

116 1147 226 1214 praeter
246 1137 386 1208 Ζοσοτοιυ,
409 1139 599 1212 Theophanes,
622 1140 733 1195 Aeacius
754 1137 827 1195 Patr.
848 1137 1084 1213 constantinopol.

117 1227 146 1280 in
168 1221 252 1298 Epist.
277 1221 310 1278 ad
325 1222 435 1279 Petrum
450 1221 632 1296 Cnaphaenm‚
656 1223 829 1298 Asclepiades
844 1221 995 1298 Episcopus
1010 1223 1086 1278 Tral-

115 1309 182 1364 iium
210 1310 238 1363 in
260 1307 345 1382 Epist.
369 1307 402 1362 ad
424 1307 541 1364 eundem
563 1306 734 1382 cnapheum,
763 1306 836 1364 Eelir
859 1309 947 1383 Papa,
973 1308 1085 1364 loannes

116 1393 297 1450 hamasecnus
319 1391 365 1448 lib.
389 1391 408 1448 3
431 1391 465 1448 de
486 1390 569 1464 Eide,
598 1391 750 1448 Alexander
771 1391 920 1449 hlonachus
943 1393 971 1448 in
992 1391 1086 1448 lauda·

115 1479 191 1534 tione
214 1477 242 1533 S.
267 1476 400 1532 Barnabae
422 1475 564 1550 Apostoli,
595 1475 756 1545 Quintianus
783 1475 932 1551 Episcopus
954 1476 1085 1532 hrcullia-

116 1577 211 1618 narum
239 1565 267 1617 in
296 1560 379 1636 Epist.
408 1561 440 1616 ad
467 1556 580 1617 Petrum
606 1560 833 1632 Alexandrinum,
862 1570 889 1616 et
917 1561 1084 1617 Iustinianus

115 1645 265 1721 Episcopus
288 1645 394 1702 Siciliae
415 1648 443 1701 in
465 1645 585 1720 Epistola
613 1645 646 1700 ad
675 1645 791 1700 eundem
812 1645 938 1718 Petrum,
967 1661 1084 1718 quorum

116 1731 197 1788 verha
219 1733 361 1806 exscripsit
382 1729 438 1786 heo
461 1729 575 1785 Allatius
603 1731 631 1785 in
653 1729 764 1785 Dissert.
795 1729 829 1786 de
850 1727 973 1804 liturgia
995 1728 1023 1785 S.
1046 1729 1084 1784 la·

117 1815 177 1872 cohi
200 1833 228 1872 n.
252 1817 302 1873 17.
348 1815 413 1871 Vide
436 1814 523 1870 Closs.
547 1814 619 1870 med.
642 1813 757 1870 Graecit.
780 1817 809 1870 in
835 1806 1003 1889 Τρισόγιον.

181 1917 254 1990 245,
278 1918 328 1978 10.
350 1903 393 1988 ἦν
415 1909 447 1972 δὲ
468 1908 485 1972 ὁ
509 1903 704 1992 Μαρκιανὸς]
728 1915 860 1991 Euagrius
883 1915 911 1988 2,
937 1915 965 1972 1.
997 1913 1086 1970 Theo·

116 2004 229 2078 phanes,
252 2001 400 2072 Cedrenus,
422 2000 527 2058 etalii.

183 2102 254 2174 245,
278 2102 328 2159 22.
356 2091 448 2159 ’όετὸν
470 2089 541 2180 ὁρᾷ]
565 2101 659 2158 Simile
680 2101 807 2176 quiddam
830 2102 864 2158 de
879 2101 977 2158 Basilio
1000 2101 1085 2160 Mace·
1102 2101 1135 2151 48

118 2187 189 2245 done
212 2195 305 2244 narrat
326 2187 582 2263 Porphyrogeuitus
605 2203 690 2261 nepos
713 2189 740 2242 iu
764 2186 837 2242 illius
852 2187 906 2242 vita
928 2204 954 2242 n.
972 2185 1001 2244 5.
1019 2186 1084 2243 edit.

1 2277 2 2310 3
118 2271 283 2346 Combefisii‚
306 2281 334 2328 et
356 2288 389 2328 er
412 2289 445 2328 eo
468 2271 593 2327 Zonaras.

182 2373 255 2445 246,
276 2373 324 2430 17.
347 2370 408 2428 τῶν
427 2363 591 2449 Ἰλλυρίων]
616 2372 773 2446 Theophau.
789 2367 833 2451 τῷ
848 2364 880 2426 δὲ
898 2362 1012 2450 Ἰουλίῳ
1029 2357 1084 2443 τὴν

1 2450 2 2497 Ϊ
116 2457 178 2516 τῶν
200 2447 329 2533 Λιβόιον
352 2451 531 2532 ἐνεχείρισενΙ
547 2449 654 2531 όρχήν.

182 2559 255 2631 246,
280 2560 329 2618 19.
352 2550 429 2614 ναόν
451 2555 504 2632 τῆς
525 2549 686 2635 dcccdccc]
711 2558 839 2614 'lestatur
858 2557 967 2614 Nioctas
982 2557 1084 2632 Byzan·

116 2647 173 2704 tius
203 2647 231 2702 iu
258 2644 327 2702 libro
355 2660 406 2719 pro
434 2642 555 2702 Concilio
584 2642 813 2715 Calchedonensi‚
843 2642 997 2716 complures
1020 2642 1085 2697 alias

117 2729 250 2787 Ecclesias
272 2728 507 2804 Constantinopoli
529 2737 682 2786 exstructas
710 2727 795 2784 inisse
822 2729 849 2783 in
872 2727 1005 2784 honorem
1026 2725 1086 2782 ltet-

1 2817 2 2822 ’
119 2829 200 2890 parac
223 2831 239 2870 a
259 2813 401 2870 Pulcheria
424 2815 557 2890 Augusta,
580 2813 674 2870 inditis
696 2830 711 2868 a
733 2811 801 2870 locis
822 2813 851 2868 iu
874 2811 973 2886 quihus
995 2807 1085 2867 aedifi·

1 2892 2 2911 ³
119 2907 195 2956 eatae
218 2908 294 2955 erant
316 2899 486 2956 nominihus:
514 2894 656 2954 τοσοῦτον
677 2884 734 2972 γὰρ
763 2893 873 2970 περιῆν
900 2893 937 2975 τῇ
957 2893 1087 2974 σεβαστῇ

118 2979 288 3062 Πουλχερίρι
318 2973 392 3056 πρὸς
418 2977 479 3054 τήν
506 2976 661 3057 πάναγνον
689 2975 740 3037 καλ
771 2973 919 3038 Θεοτόκον
947 2975 1085 3056 Μαρίαν,

118 3062 231 3143 μητέρα
252 3084 282 3123 τε
304 3067 357 3123 τοῦ
378 3064 512 3143 Χριστοῦ
534 3060 647 3140 ταύτην
668 3063 778 3134 πιστῶς
800 3055 1010 3144 ιἰτιοκαλοόσῃ,
1033 3057 1084 3120 nod

118 3144 275 3224 θεοτόιιον,
297 3148 349 3208 καλ
370 3145 444 3222 μετὰ
465 3149 589 3220 πίστεως
611 3148 722 3222 πολλῆς
742 3141 853 3223 ταύτην
868 3145 1023 3225 σεβομένη,
1046 3139 1085 3215 ὥς

118 3237 172 3296 καλ
193 3229 285 3306 ναοὺς
313 3227 379 3294 κατ’
403 3233 554 3314 ἐξαίρετον
581 3231 613 3292 ἐν
634 3234 670 3315 τῇ
696 3225 894 3315 βασιλευούσῃ
920 3223 1005 3290 πόλει
1032 3224 1082 3289 ἐπ’

119 3313 245 3398 ὀνόματι
266 3321 319 3396 τῆς
342 3316 527 3400 Θεομήτορος
553 3317 708 3397 μεγίστους
731 3313 782 3375 καλ
803 3318 1006 3394 περικαλλεῖς,
1034 3307 1085 3371 καί

1 3458 3 3463 .
118 3402 393 3486 κατηγλαϊσμένους
421 3404 597 3482 δείμασθαι,
625 3393 682 3477 τὴν
703 3397 877 3477 ἐπωνυμίαν
899 3398 931 3460 ἐκ
954 3397 1014 3457 τῶν
1036 3391 1085 3454 τό·

1 3520 2 3523 “
119 3511 185 3550 ττων
208 3489 342 3566 ἕκαστον,
367 3487 401 3550 ἐν
422 3483 468 3563 οἷς
484 3481 678 3575 ᾠκοδόμηντο
701 3481 839 3564 λαβόντα,
863 3480 904 3544 δι’
926 3476 1030 3542 αότοόν
1050 3475 1084 3538 τὸ
