2544 3852
136 297 140 304 ,
218 226 279 290 190
566 227 847 281 rumoranronns

1264 311 1267 350 l

215 367 297 424 ‘hebet
320 367 428 443 Scyllia.
473 368 502 423 ld
525 385 607 442 porro
631 375 766 424 testantur
788 377 830 424 tot
852 368 987 426 Michaelis
1009 368 1092 426 Pselli
1114 373 1186 427 scal

174 469 182 478 ·
217 461 279 526 ptae
302 461 358 508 tum
380 451 502 508 versibus
524 451 644 508 iambicis
668 461 724 508 tum
747 452 877 526 politicis,
899 461 981 527 atque
1004 453 1071 510 adeo
1087 454 1182 511 solute
1266 503 1267 530 3

217 537 338 593 oratione
365 539 393 592 in
416 536 557 610 Epitomen
579 536 781 610 disciplinarum
809 537 867 594 lere
896 540 1015 594 omnium
1044 538 1182 610 redactae,

218 621 358 695 eidemque
385 623 531 696 inscriptae
553 619 769 694 lucubrationes,
798 622 954 696 dequibus
982 625 1093 696 copiose
1122 625 1183 698 egit

219 705 330 762 Allatius
353 708 380 761 in
403 705 509 762 laudata
532 707 738 763 dissertatione:
762 722 794 762 eu
817 721 929 781 quarum
944 706 1038 776 altera,
1061 707 1106 762 illa
1130 711 1183 764 sc'r·

217 790 279 845 licet
302 807 383 864 quarn
406 790 543 864 synopsin
570 790 661 864 legum
689 791 840 864 inscripsit,
870 791 996 848 discimus
1025 791 1183 848 Pselluma

216 873 395 931 Constantino
419 874 488 931 buca
509 875 675 973 imperatore
705 877 851 949 superstite
873 875 995 932 blichaeli
1023 873 1079 931 lilio
1102 893 1181 950 prae·

217 967 355 1032 ceptorem
377 959 482 1016 datum:
510 961 549 1015 sic
570 961 642 1015 enim
668 958 714 1014 illa
735 961 889 1034 concipitur
915 962 943 1015 in
972 959 1092 1016 editione
1114 960 1181 1016 llos·

216 1045 305 1117 queti:
318 1039 388 1098 ’τοῦ
409 1033 584 1141 σοφωτάτου
604 1030 729 1139 Μιχμίγλ
750 1041 804 1099 τοῦ
829 1043 948 1100 mettun
976 1037 1026 1100 ιιαλ
1049 1029 1182 1118 1-Ίίτερτί

214 1143 272 1202 μου
287 1119 425 1199 Σύνοιβις
441 1124 500 1184 τῶν
513 1120 615 1201 νόμων
629 1118 680 1183 διὰ
695 1125 801 1202 στίχων
816 1118 943 1222 ίοίμβων
949 1146 1000 1183 ιιαι
992 1123 1178 1186 πολιτικῶν

214 1201 288 1282 πρὸς
309 1201 362 1268 τὸν
376 1205 499 1304 βασιλέα
513 1209 650 1310 Καίσαρα
664 1201 838 1286 Μιχαὴλ
808 1231 861 1268 τον
877 1202 1011 1284 Δούιιαν,
1034 1205 1067 1268 ἐκ
1088 1227 1181 1288 προσ·

213 1290 322 1366 τάξεως
343 1292 396 1351 τοῦ
418 1289 530 1372 πατρὸς
557 1287 652 1353 αὐτοῦ
679 1291 731 1352 καὶ
752 1291 904 1372 βασιλέως.
946 1297 984 1354 Εο
1008 1314 1072 1354 vero
1093 1308 1178 1372 pacto

214 1379 303 1437 elicuit
330 1397 427 1454 pareus
455 1391 485 1438 ut
513 1383 588 1438 bisce
616 1383 727 1448 studiis,
756 1383 820 1438 dum
848 1385 936 1439 minus
959 1384 1040 1439 etiam
1061 1382 1180 1439 idonens

213 1465 325 1522 llichael
347 1474 431 1538 vacat,
454 1454 528 1538 πρὸς
549 1455 631 1522 ἅπαν
652 1461 738 1540 ἔργον
760 1457 875 1536 ἀδέξιος
896 1459 948 1522 καὶ
970 1483 1124 1538 αιιραιιτος
1139 1469 1180 1524 el·
1266 1459 1268 1472 '

213 1551 302 1606 lectus
325 1551 370 1621 sit,
392 1552 481 1625 inquit
502 1552 629 1608 Zonaras.
674 1551 742 1607 Hinc
764 1551 912 1626 Procopius
935 1551 981 1608 lib.
1008 1553 1023 1607 1
1048 1550 1082 1607 de
1100 1551 1180 1608 Bello

213 1635 340 1691 Gotthico
367 1652 426 1708 cap.
451 1636 479 1692 2.
523 1635 654 1692 Proceres
683 1635 801 1692 Gottbos
824 1635 1030 1692 Amalasunthae
1051 1635 1179 1692 Theodo—

211 1720 261 1776 rici
283 1721 358 1792 regis
382 1722 458 1775 uxori
480 1722 599 1795 graviter
621 1722 809 1778 succensuisse
832 1721 940 1794 scribit,
969 1719 1043 1794 quod
1065 1721 1177 1777 Athala-

164 1805 296 1864 119ricum
320 1801 403 1858 lilium
426 1805 647 1879 praeceptoribus
669 1805 754 1861 literis
770 1803 944 1862 imbuendum
959 1803 1126 1878 tradidisset,
1148 1815 1179 1862 et

213 1894 341 1960 oportere
363 1886 445 1960 longe
467 1891 559 1962 potius
580 1897 611 1944 ut
625 1891 653 1944 in
667 1906 697 1945 re
712 1889 809 1946 bellica
830 1889 939 1947 iuturus
964 1890 1100 1946 animosus
1116 1889 1179 1964 glo·
1267 1955 1268 1958 Ἴ

212 1973 303 2045 risque
325 1972 457 2044 insignis,
486 1980 575 2030 amoto
605 1973 749 2030 doctorum
771 1983 861 2047 metu,
888 1975 967 2031 armis
990 1983 1174 2034 exerceretur.

211 2053 264 2110 Std
288 2052 385 2129 qulbus
408 2052 578 2129 potissimum
607 2057 755 2131 disciplinis
784 2057 918 2116 llicbaelis
946 2061 1063 2115 animum
1091 2059 1179 2114 inior·
1268 2101 1269 2130 ,

211 2141 289 2195 marit
310 2137 427 2212 Psellus,
450 2141 493 2197 vel
514 2143 606 2215 potius
622 2159 689 2216 quas
711 2141 757 2198 ille
772 2145 932 2216 praesertim
948 2143 1081 2238 calluerit,
1102 2144 1177 2218 ipse·
1267 2131 1269 2170 λ

211 2229 265 2280 met
286 2221 392 2280 Psellus
414 2224 544 2282 indicat
536 2241 564 2282 ιιι
587 2226 705 2284 Historia
727 2227 848 2284 nondum
871 2227 957 2285 edita:
985 2213 1051 2283 ἀλλ’
1076 2219 1175 2300 ἔροιτό
1267 2251 1269 2278 ι

210 2327 268 2375 τις,
303 2305 369 2364 τίνα
395 2306 436 2364 τῶ
462 2305 582 2384 βασιλεῖ
603 2305 745 2384 wedrad,
780 2307 830 2368 καὶ
858 2298 953 2379 οίς
932 2331 972 2369 αν
994 2303 1177 2387 ἆγλαίζοιτο

208 2389 311 2487 βιβλία
337 2390 445 2466 σοφίας
471 2391 695 2490 παντοδαποῦς,
724 2387 820 2471 λόγων
848 2393 1030 2471 χαρακτῆρες
1042 2395 1178 2492 σοφῶν,

207 2467 426 2578 ἀποφθέγματα
437 2469 616 2552 Λακωνικοὶ,
626 2478 833 2557 γνωμολογίαι,
848 2473 1088 2579 ιιαλλιρημοσιίνη
1103 2494 1175 2538 σον·

209 2551 361 2648 deiunc‘
344 2580 360 2618 ο
383 2558 517 2655 ιιοιιιίλος
539 2583 601 2622 των
623 2561 721 2661 λόγων
736 2553 944 2664 σχηματισμὸς,
967 2584 986 2640 η
1009 2563 1069 2623 τῶν
1083 2560 1177 2622 tusas

209 2636 361 2740 ἐξαλλαγὴ,
383 2633 405 2718 ἢ
427 2637 641 2750 καινολογία”
620 2645 798 2746 ηιτοιητιιιὴ
813 2667 866 2708 τον
854 2643 973 2728 λόγον
987 2643 1175 2724 κατασκευή

208 2721 266 2826 apd
292 2727 326 2831 de
347 2723 462 2789 τούτων
467 2723 648 2834 ἆιτοίντμν,
667 2727 683 2792 ὁ
693 2723 791 2831 τορῶς
813 2731 995 2810 φιλοσοφίαν
1014 2730 1106 2832 ἔρως,
1139 2728 1173 2791 τὸ

208 2814 261 2888 τῆς
282 2809 441 2895 ἀναγωγῆς
462 2811 553 2890 ι’ίφος,
576 2837 595 2891 η
611 2837 664 2894 της
683 2806 866 2916 ἀλληγορίας
874 2812 1032 2896 μεταβολή.
1063 2807 1098 2876 od
1103 2811 1176 2960 γὰρ

207 2892 331 2958 otest
298 2918 324 2957 ει
352 2920 397 2970 τις
424 2895 680 2978 βαθυγνωμων“
664 2921 760 2980 ετερος
783 2896 911 3001 ἐγεγόνει
932 2902 993 2962 τῶν
1014 2899 1173 2981 βασιλέων,

206 3003 226 3058 η
249 2976 323 3080 πρὸς
346 2979 471 3044 ἕκαστον
492 2986 553 3045 τῶν
575 2985 762 3064 ζητουμένων
790 2977 1041 3092 εὖθνβολῶτατος.
1085 2989 1173 3046 lnlra:

207 3065 258 3128 καί
280 3061 336 3147 γὰρ
360 3061 535 3145 φιλοσόφοις
556 3066 752 3146 σονειιίζεται,
775 3069 825 3130 καί
841 3093 914 3150 μετα
903 3067 1064 3171 ῥητόρων
1078 3064 1176 3131 είιτῶν
1267 3093 1269 3128 ι

206 3175 233 3214 ιι
255 3149 322 3228 περὶ
345 3149 506 3231 ζεύγματος
520 3153 571 3214 καί
587 3150 755 3232 ἐμφάσεως·
780 3154 831 3215 aul
845 3178 919 3256 μετα
936 3146 1079 3232 ὀιττιιιῶν,
1101 3155 1172 3232 περὶ

205 3231 393 3309 αιτοστασεως
414 3232 545 3299 ἀκτίνων
567 3262 619 3300 ιιαι
610 3235 824 3318 διαστάσεως,
847 3231 1024 3344 αλληγοροῖγ
1046 3237 1078 3300 δὲ
1100 3241 1173 3316 δεῆ-

118 3337 122 3349 '
206 3341 277 3401 σαν,
304 3313 448 3394 πολλάκις
468 3317 523 3384 τὰν
517 3323 698 3422 σογγραφέ
698 3348 717 3384 α
738 3319 971 3432 ῶιτεμεβοίλλετο,
999 3319 1036 3385 ‘du
1059 3321 1096 3401 δὴ
1119 3325 1172 3385 καὶ

204 3399 382 3510 καθηγητὴν
404 3400 461 3483 πρὸ
483 3429 605 3470 ιιαντων
626 3409 730 3487 είλετο,
741 3407 805 3470 -ιιαι
826 3408 875 3471 ἐπὶ
891 3427 984 3471 ιταοιν
999 3408 1121 3488 ίιίημοσί
1120 3431 1174 3470 eve

204 3485 342 3570 τοῦνομα.
387 3489 511 3572 ἰάμβων
525 3490 619 3554 δὲ
582 3521 624 3576 μη
643 3514 781 3577 προσγων
802 3492 918 3574 μέτροις
934 3489 1080 3574 σχοίιιίζει
1099 3515 1171 3556 ιον-
