2544 3852
481 219 531 272 Ab
550 219 636 276 vor..
650 221 698 274 1v
855 191 860 196 ’
1013 221 1074 286 191

113 371 191 428 τους,
214 351 242 412 εἰ
261 351 311 413 ιιαλ
333 376 375 457 pepp
363 348 649 432 ἐπιτυγχάνων
617 379 653 416 τα
668 351 761 416 πολλὰ
784 377 837 416 του
826 356 988 438 ῥυθμοῦ,
1012 350 1072 419 dtt'

112 429 305 543 ὑγιαίνουσαν
326 436 382 516 τὴν
404 437 525 498 ἔννοιαν
547 435 694 512 ἐκδιδούς.

150 526 322 599 220,11.
357 515 627 606 ὁγύρΣουλτὰν]
660 536 712 586 Ac
720 539 778 586 tum
800 532 916 604 primum
939 532 1020 590 'lurci
1041 534 1074 589 ad

38 674 51 687 .
112 611 263 684 Bithyniam
279 629 366 686 usque
381 628 537 684 pervenere,
557 614 631 687 quod
646 613 764 687 Sibyllae
781 615 891 671 oraculo
906 615 1073 688 praedictum

112 695 238 752 volebant
250 696 549 772 constantinopolitani
572 697 685 755 loannes
697 699 809 756 Tzetzes
820 699 886 755 Chii.
897 699 925 756 9.
935 717 992 774 cap.
1000 700 1072 758 238.

154 774 295 855 καὶπερὶ
319 774 481 874 Διογένους
504 774 572 838 δὲ’
558 797 613 851 εφο
614 779 697 856 ίβασε
719 777 769 837 καὶ
794 774 946 856 Τούριιων,

155 858 205 920 καλ
227 858 263 922 τα
287 859 375 922 λοιπὰ
398 856 541 958 λύσωμεν,
565 861 612 935 λέξ
597 864 689 962 §repen
712 861 743 923 δὲ
741 863 886 959 βραχέα.

59 944 67 949 ’
154 943 191 1023 δὴ
214 941 279 1006 τότε
300 937 440 1008 Bromio
462 951 553 1025 γαῖαν
573 942 658 1008 λύκοι
651 941 849 1092 δοίκήσουοι,

4 1045 7 1052 ’
154 1029 253 1108 Ζηνὸς
276 1025 511 1130 ἕπιῳροσύνγσι,
534 1025 668 1092 κακὸνιλ
672 1025 876 1129 ’ἐπιβήσεται
897 1025 1025 1112 ἄνδρας,

153 1111 264 1192 ανὸρας
285 1117 316 1175 ot
338 1112 485 1189 Βύζαντος
508 1113 573 1188 adop
594 1135 871 1182 καταναιεταουσιν.

176 1205 253 1277 223,
276 1205 327 1263 32.
358 1197 496 1278 Ἑλένην]
524 1206 641 1263 Consule
668 1207 752 1264 Notas
779 1217 886 1264 nostras
915 1207 948 1263 ad
969 1209 1071 1278 Annam
1100 1236 1106 1244 ·

112 1289 273 1346 comnenam
297 1309 323 1363 p.
348 1290 419 1350 229.
444 1289 515 1347 233.
541 1290 614 1349 234.

132 1405 136 1409 -
177 1373 249 1445 224,
274 1375 323 1430 22.
345 1372 435 1430 τοῦτο
458 1366 512 1430 τὸν
532 1369 667 1452 βασιλέα]
693 1375 856 1444 Quinetiam
879 1377 960 1434 tradit
982 1376 1074 1451 Lupus

111 1459 295 1532 Protospatha
316 1459 479 1523 llichaelem,
503 1458 592 1515 andita
606 1460 759 1516 Botaniatae
781 1460 945 1532 rebellione,
968 1464 1074 1518 venisse

112 1547 140 1600 in
163 1542 285 1616 Apuliam
307 1557 349 1601 an.
374 1543 458 1605 1080
481 1554 508 1600 et
531 1544 659 1600 auxilium
682 1546 794 1618 petiisse
816 1563 831 1600 a
852 1544 971 1601 Roberto
995 1543 1074 1601 Gnis-

4 1673 6 1678 .
112 1627 193 1684 cardo
216 1628 286 1683 buce
308 1638 402 1684 contra
423 1629 538 1685 eundem
562 1629 742 1685 Botaniatam:
771 1629 846 1704 quod
873 1639 948 1685 certe
971 1630 1073 1686 similli-

113 1729 186 1768 mum
208 1729 273 1768 vero
297 1729 352 1768 nou
374 1713 490 1769 videtur.

178 1795 252 1867 224,
277 1796 327 1858 25
361 1790 393 1852 έιι
416 1793 469 1853 τοῦ
492 1791 588 1853 monci
615 1784 669 1871 τὴν
691 1802 746 1854 τοῦ
767 1791 872 1872 γένους
900 1791 998 1854 ἕλκειν
1019 1811 1074 1854 σεν-

112 1899 169 1952 ραν
191 1871 394 1958 νομιζόμενος]
419 1881 455 1938 lix
477 1882 574 1940 Phocis
596 1882 680 1956 igitur
701 1883 855 1939 Botaniatcs
876 1884 1004 1940 natalium
1020 1885 1074 1939 ori·

113 1969 204 2041 ginem
233 1967 400 2037 arcessebat,
429 1983 545 2040 qnorum
575 1982 641 2038 gens
669 1967 836 2042 perillustris
859 1969 925 2040 luit,
954 1977 983 2024 ut
1006 1985 1075 2042 qnae

113 2052 305 2124 imperatorem
326 2051 508 2126 Nicephorum
530 2051 646 2108 Phocam
668 2052 825 2125 protulerit,
849 2061 876 2109 et
899 2069 931 2108 ex
954 2069 986 2109 eo
1002 2054 1075 2108 viros

4 2159 9 2168 ·
114 2134 293 2208 dignitatibus
321 2145 348 2192 et
376 2135 471 2194 bellica
497 2137 575 2192 laude
598 2136 726 2208 eximios,
755 2153 870 2209 quorum
899 2137 987 2210 elogia
1013 2153 1075 2210 per·

114 2221 270 2275 strinximus
292 2221 320 2275 in
343 2219 458 2276 Familiis
481 2221 612 2292 Augustis
627 2220 790 2294 Byzantinis,
815 2237 867 2293 qua
883 2220 991 2293 quidem
1006 2230 1075 2277 tem·

113 2295 398 2378 pestate'fflronoidmn
420 2303 546 2359 lamiliam
575 2319 679 2359 summa
700 2305 823 2377 potentia
852 2303 884 2358 ad
912 2321 960 2359 sua
989 2321 1075 2378 usque

116 2397 238 2462 tempora
265 2388 391 2446 lloruisse
419 2395 536 2444 testatur
561 2387 673 2444 Basilius
708 2389 925 2462 Bulgaroctonus
953 2387 1019 2462 lmp.
1047 2391 1075 2444 in

113 2472 233 2542 Novella,
250 2489 318 2546 quac
334 2471 495 2531 describitur
509 2474 536 2529 in
551 2473 612 2528 lure
627 2471 843 2530 Graecoromauo
859 2480 899 2529 to.
915 2471 945 2528 2.
960 2489 986 2544 p.
1003 2473 1074 2534 173.

180 2556 251 2630 225,
277 2557 327 2616 23.
358 2547 504 2635 γεφύρας]
527 2557 563 2614 tte
586 2558 639 2612 hoo
660 2567 745 2631 ponte
765 2557 878 2613 diximus
901 2557 929 2611 in
944 2554 1075 2614 Constant
1181 2605 1183 2609 ,

117 2642 233 2716 tinopoli
255 2641 355 2700 Christ.
379 2643 424 2699 lib.
448 2641 478 2698 4.
501 2651 568 2701 sect.
593 2640 642 2698 14.

180 2725 257 2798 236,
282 2725 329 2783 10
355 2711 497 2782 Ἰωάννου
520 2745 572 2782 son
594 2720 766 2802 Ξιφιλίνου]
801 2725 908 2781 Extat
900 2741 928 2780 tn
950 2724 1010 2781 cod.
1032 2741 1075 2781 re·

114 2813 173 2885 gio
184 2810 317 2866 lliohaelis
345 2811 428 2868 Pselli
450 2811 542 2868 Oratio
566 2810 720 2868 lunebris'
713 2829 741 2868 in
763 2809 878 2867 eundem
901 2808 1074 2904 llipbilinum.

179 2895 251 2966 226,
277 2895 325 2952 13.
358 2892 567 2970 προεχειρίσθη
584 2885 777 2970 Πατριύρχης
791 2891 911 2965 Κοσμᾶς
932 2883 1073 2992 μοναχὸς]

114 2979 217 3036 Similia
238 2978 320 3037 habet
341 2980 472 3054 Scylitzes
494 2999 521 3054 p.
544 2981 615 3041 860.
637 2979 913 3052 Hierosolymitanum
935 2982 1076 3053 cognomi·

4 3123 6 3130 ,
115 3074 210 3120 natum
238 3081 298 3120 esse
326 3066 409 3122 tradit
431 3076 529 3122 auctor
551 3066 674 3139 Catalogi
695 3064 769 3120 Patr.
793 3063 872 3119 GP.
865 3079 893 3118 tn
915 3063 975 3120 lure
998 3062 1078 3122 Grae·

115 3165 219 3206 corom.
244 3148 277 3204 ad
299 3149 443 3206 discrimen
464 3151 536 3206 iorte
559 3150 669 3206 dosmao
690 3149 771 3204 Attici
793 3148 868 3219 dicti,
891 3147 940 3204 snb
956 3147 1077 3205 Manuele

4 3239 6 3290 ἶ
116 3233 270 3304 Comneuo,
299 3231 345 3290 ubi
367 3234 553 3291 Pontificatum
576 3236 695 3308 gessisse
718 3249 760 3289 an.
785 3230 813 3290 5.
841 3249 947 3290 menses
971 3233 989 3289 6
1011 3235 1077 3288 scri·

4 3331 6 3372 J
114 3318 198 3388 bitur,
223 3334 284 3373 cum
306 3317 465 3392 dignitatem
487 3317 644 3375 abdicasset.
680 3317 792 3374 Causam
814 3334 878 3374 vero
902 3317 1076 3374 abdicationis

113 3401 201 3458 relect
224 3405 299 3458 buna
321 3401 455 3459 Comnena
477 3402 525 3458 lib.
548 3402 575 3464 3.
598 3402 718 3460 Aleriad.
741 3420 769 3476 p.
794 3401 843 3460 79.

181 3485 254 3559 227,
278 3487 305 3544 3.
338 3473 564 3564 Κουτλουμούς]
589 3487 720 3562 Scylitzes
742 3505 768 3561 p.
791 3487 863 3545 861.
