2544 3852
181 139 244 216 194
522 139 808 192 annonarrouus

183 283 259 338 Anna
283 287 489 350 commemorat,
514 282 553 336 sic
575 279 621 336 ille
643 279 676 334 acl
703 296 746 336 an.
772 277 853 335 1085
879 281 1051 350 praedictus
1077 279 1154 336 Dan

182 367 290 440 orandi
311 370 460 437 apparatu
482 367 597 422 nnvinm
618 365 817 437 hominumque
842 365 1049 420 innumerabili
1062 379 1152 421 ener-

184 453 243 508 citn
265 449 521 521 Brnndusiopolim
544 453 670 519 venient,
694 450 822 520 deposito
845 449 947 505 ibidem
967 450 1067 505 novoli
1088 467 1151 506 mn·

183 537 356 605 cln'notione,
382 538 534 608 inyrorsns
550 539 592 589 cst
606 533 787 590 Adriaticum
801 535 936 607 poloque,
956 537 1150 608 perronitqne

179 621 211 677 in
232 621 356 676 insulem
379 621 490 675 nominc
506 617 675 690 θυεεῖομῖιιι,
698 617 747 674 nbi
767 616 865 674 Stolos
888 615 1097 694 Veneticornm,
1121 625 1151 676 et

179 707 259 778 filins
282 703 373 760 Ducis
395 701 533 759 Venetiae
556 718 619 758 cnm
639 703 772 774 plurimis
787 703 919 774 novibus,
943 708 1007 758 crat
1021 701 1151 776 infestus

180 789 260 845 llnci
280 788 423 844 Roberto:
453 788 505 843 aed
524 787 598 844 bello
620 789 650 842 in
672 789 749 842 mori
768 789 845 842 inter
868 801 917 844 eoa
939 786 1083 859 confecto,
1107 791 1147 845 ci-

182 877 274 930 otorie
298 873 338 928 nd
353 872 537 929 Normnnnos
560 874 712 930 concessit.
742 870 834 928 Oneon
857 877 924 928 enni
946 874 975 926 in
998 886 1033 928 co
1044 889 1148 945 μκριιο

175 960 246 1030 plns
268 975 354 1030 quom
376 959 501 1030 qrcinqnc
529 957 619 1012 millio
645 956 805 1012 hominnm.-
829 961 989 1028 praetcrea
1016 959 1148 1030 quinque

89 1036 91 1040 ⁴
180 1057 270 1098 neoto
292 1047 411 1113 ceptae,
442 1041 568 1097 eidnec
597 1055 662 1096 cnm
691 1039 849 1098 dominibus
876 1035 1043 1097 submersae
1068 1047 1147 1113 sunl,

179 1129 220 1182 itc
243 1131 274 1182 nt
296 1129 346 1197 qni
365 1125 492 1199 clodium
511 1131 635 1198 potuere
658 1126 782 1182 condere
804 1125 962 1196 bellatoris,
984 1127 1084 1199 poloni
1097 1141 1147 1184 cos

180 1227 287 1284 νοναρο
308 1212 436 1284 ρλκιῖιοι.

244 1293 316 1365 239,
340 1292 390 1352 32.
424 1283 586 1390 iniecerant]
611 1293 675 1350 Vide
698 1292 787 1352 Gloss.
812 1292 882 1351 med.
906 1292 1021 1349 Graecit.

244 1377 321 1450 241,
346 1377 372 1435 9
406 1369 462 1450 τὴν
483 1372 634 1454 θυγατέρα
657 1389 824 1452 νοοηοασαν
853 1362 949 1444 εὐθυς
977 1365 1144 1456 ἀποκείρει]

178 1461 206 1518 ld
228 1479 312 1561 porro
336 1464 393 1538 egit
415 1471 501 1520 mater
522 1463 613 1534 Irene,
636 1461 741 1518 infensa
764 1461 859 1518 lasitae
881 1478 1001 1536 genero,
1028 1471 1059 1520 ut
1082 1479 1144 1519 eum

178 1546 210 1604 ab
234 1548 307 1603 omni
329 1563 378 1622 spe
393 1565 455 1604 cum
470 1564 554 1604 uxore
571 1547 797 1604 reconciliationis
814 1545 970 1620 abduceret,
993 1563 1054 1604 cum
1069 1563 1144 1603 sum·

178 1640 224 1704 pta
247 1632 330 1688 semel
353 1631 385 1688 ab
408 1635 527 1708 aegrotis
550 1639 625 1687 veste
647 1631 814 1704 monachica,
838 1631 907 1687 hanc
929 1631 1066 1690 dimittere
1087 1649 1143 1688 non

178 1716 285 1788 liceret,
309 1717 332 1771 si
355 1717 496 1790 pristinam
519 1715 700 1772 valetudinem
722 1726 971 1790 consequerentur,
996 1723 1027 1772 ut
1049 1715 1142 1773 docui·

178 1817 238 1856 mus
261 1802 288 1855 in
312 1800 400 1856 Gloss.
431 1800 501 1858 merl.
525 1799 630 1861 Latin
658 1817 683 1855 v.
706 1799 869 1858 Monachus
897 1802 937 1858 od
964 1817 1141 1858 succurren-

177 1885 252 1941 dum.
303 1883 450 1958 Receptum
478 1886 550 1941 huuc
584 1883 653 1960 apud
687 1883 803 1941 Graecos
837 1885 1008 1960 potissimum
1038 1901 1141 1942 morem
1191 1929 1213 1951 κ

179 1967 228 2024 sub
251 1969 321 2024 vitae
348 1977 467 2024 extrema
496 1967 615 2024 habitum
643 1969 767 2024 sumendi
795 1968 979 2026 Monachicum
1007 1970 1141 2045 improbat

175 2052 303 2126 Zonaras,
326 2052 377 2125 vel,
401 2061 431 2110 ut
453 2052 497 2108 alii
519 2051 624 2126 volunt,
647 2052 758 2108 lliohacl
781 2053 891 2129 Glycas,
914 2055 941 2110 in
964 2053 1085 2128 Epistola
1106 2053 1140 2110 ad

176 2135 278 2193 Esaiam
284 2136 483 2237 Monachum,
492 2153 524 2194 ex
539 2153 590 2212 qua
605 2137 693 2211 placet
708 2139 838 2197 nonnulla
861 2139 933 2194 hio
926 2155 1061 2196 inserere·
1085 2127 1139 2194 οὐκ

175 2209 291 2276 οἶδα
256 2239 323 2297 γαρ,
346 2223 444 2297 inquit,
467 2211 526 2278 ότι
542 2239 593 2278 και
584 2214 745 2296 πράξειεν
766 2213 782 2278 ὁ
805 2239 892 2279 τουτο
917 2218 1009 2319 (ἱερὸν
1031 2219 1138 2298 σχῆμα)

80 2329 82 2334 s
174 2297 449 2403 περιβαλλόμενος,
468 2295 551 2405 ἤδη
550 2301 649 2363 πνέων
670 2301 706 2365 tol
730 2301 849 2381 ἔσχατα·
882 2299 1060 2406 ἕτοιμαζεται
1082 2301 1138 2382 μὲν
1205 2327 1210 2336 ·

174 2386 215 2459 εἰς
235 2386 410 2466 παράταξιν,
430 2379 505 2449 αλλα
519 2409 570 2460 τας
585 2394 684 2467 χεῖρας
698 2385 878 2450 κεκώλυται
901 2383 956 2467 τὴν
970 2390 1140 2450 πανοπλίαν

174 2468 344 2551 ἐνδέῖυται,
373 2470 424 2532 καλ
447 2463 503 2533 οὐκ
530 2471 574 2533 ἔτι
596 2471 725 2549 πολέμου
753 2470 871 2552 καιρός·
902 2472 1138 2580 προσμένειντ

173 2557 252 2640 μονῇ
274 2547 492 2638 ἐπαγγέλλεται,
514 2555 564 2617 καὶ
581 2559 641 2619 τοῖν
658 2550 843 2636 nictirocinio
864 2549 1040 2665 ἁρπάζεται·
1064 2555 1137 2622 ὖπε

172 2662 236 2720 χειν
259 2664 298 2726 τῳ
321 2645 481 2744 προεστῶτι
510 2647 776 2721 καθυπισχνεῖται,
808 2638 899 2703 καῖ’
881 2666 901 2722 η
924 2646 977 2705 τοῦ
998 2639 1136 2706 θαναιου

173 2725 313 2806 τύραννις
336 2718 392 2788 οὐκ
416 2725 462 2786 iot·
486 2732 630 2806 γυναῖκας
652 2726 702 2788 καὶ
732 2728 841 2800 παῖδας
863 2723 1081 2832 ἄποβαλλειν’
1066 2751 1137 2807 ομο-

172 2813 268 2912 λογεῖ,
302 2809 352 2870 καλ
381 2788 441 2888 τήν
468 2809 575 2873 ἑαυτοῦ
605 2820 784 2913 παραχρῆμα
812 2812 916 2895 ψυχὴν
943 2807 1135 2876 αποιίθεται·

171 2916 348 3000 μαρτυρεται
371 2919 411 2974 μη
434 2919 511 2958 κατα
537 2897 609 2976 βίαν
626 2899 674 2983 τῷ
697 2894 822 2978 σχήματι
845 2903 1042 2978 προσελθεῖν,
1068 2892 1135 2960 ἀλλ’

171 2977 189 3056 ἡ
214 2983 363 3058 πλευρῖτις
386 2980 557 3060 ἐπικειμένη
584 2982 635 3044 καλ
653 2959 697 3062 μή
722 2979 905 3062 βουλομενον
933 2979 1037 3062 ἐκβιάζ
1036 3006 1061 3044 ει
1085 2980 1137 3057 τὰς

171 3069 270 3144 χεῖρας
285 3071 404 3172 τεμεῖν.
431 3063 543 3140 ἐκεῖνος
565 3071 627 3140 τοῖς
648 3067 796 3146 δεομένοις
818 3064 1023 3148 χαριζειαι,
1008 3087 1062 3129 oon
1084 3067 1135 3128 καὶ

168 3147 253 3208 ἄκων
275 3145 402 3228 ἀφίησιν
424 3149 569 3212 ἐνταυθοῖ
587 3163 638 3214 eto.
678 3157 778 3215 Omitto
794 3159 913 3233 reliqua:
937 3157 1051 3216 observo
1067 3158 1136 3214 dun·

171 3247 252 3312 taxat,
268 3239 372 3296 huncce
387 3241 526 3298 inductum
541 3257 655 3312 morem,
680 3242 751 3316 quod
768 3244 953 3300 existimarent
967 3243 1036 3299 idem
1053 3259 1135 3317 posse

167 3323 355 3381 Moerachatum
379 3325 452 3399 quod
475 3326 655 3401 Baptismus(
671 3343 701 3384 ac
730 3327 953 3400 quemadmodum
983 3328 1135 3402 Baptismus

168 3409 264 3464 omnia
286 3409 400 3466 remittit
427 3419 536 3484 peccata
560 3411 720 3485 Baptizatis,
751 3412 787 3467 ita
810 3418 839 3467 ct
860 3413 993 3487 ingressis
1021 3413 1047 3470 in
1070 3411 1135 3468 reli-
