2550 3854
471 227 520 278 AD
539 227 620 281 VOL.
639 227 684 281 IV.
731 245 733 252 ’
999 227 1063 291 143

93 365 226 423 subducta
259 367 329 422 ratio
363 366 459 422 millies
492 365 565 422 mille
597 381 736 422 nummum
769 375 877 441 reperta
905 369 949 424 sit.
1000 369 1060 424 lion

94 451 182 506 multo
205 453 343 526 pestifer
364 450 526 508 Panormum
549 467 643 506 versus
666 451 806 526 aggressi,
834 451 907 524 quod
930 470 978 508 sex
1000 452 1059 508 die-

94 551 154 590 rum
176 535 317 592 intervallo
341 535 520 610 perfecimus,
545 536 615 592 vecti
637 537 765 592 iumentis
787 535 907 592 ferundis
931 537 1062 593 oneribus

98 621 176 676 natis.
221 619 398 678 hluduxerunt
420 636 484 676 vero
508 621 624 676 immites
646 619 776 696 elieriquo
798 621 954 695 Aethiopes.
991 621 1061 676 Tan·

95 704 155 760 dem
178 704 281 762 diurnis
304 703 438 773 aestibus,
466 707 664 778 nocturnisque
687 704 835 779 frigoribus
857 705 988 776 divexati,
1016 705 1062 761 die
1155 761 1160 774 ,

93 790 221 863 septimo,
244 805 305 845 cum
327 789 445 846 interdiu
468 797 606 862 noctuque
629 791 682 846 iter
705 789 794 845 facere
816 806 872 846 non
895 790 991 846 fuisset
1014 789 1060 848 de·

93 875 193 944 situm,
223 873 425 930 celeberrimam
448 873 606 946 civibusque
629 873 800 947 frequentem
826 873 918 930 urbem
940 874 1061 930 Panhor·

92 974 166 1014 mum
188 959 306 1032 ingressi
329 975 433 1030 sumus,
458 955 562 1014 obviam
585 958 664 1016 factis
686 957 764 1014 nohis
790 958 882 1020 urbem
904 959 1060 1032 ingredien-

94 1043 166 1100 tibus
181 1042 366 1116 popularibus,
383 1044 428 1117 qui
442 1041 476 1098 ob
488 1043 617 1099 laetitiam
630 1042 719 1114 eflrrsi,
730 1041 853 1117 Epinicia
865 1042 1061 1112 concinebant,

15 1181 16 1186 ,
95 1126 215 1201 dumque
238 1127 351 1200 praedas
373 1130 401 1183 in
424 1127 519 1184 urbem
541 1129 658 1184 victores
677 1129 824 1202 importare
838 1127 970 1200 viderent,
993 1129 1059 1184 Pae-

96 1213 155 1266 anis
184 1212 336 1285 faustisque
365 1211 601 1268 acclamationibus
629 1212 806 1287 excipiebant.
856 1213 909 1270 larn
937 1230 1001 1270 vero
1031 1214 1058 1268 in

92 1295 187 1352 urbem
212 1295 385 1368 secedentes,
413 1305 470 1352 tum
493 1296 599 1352 demum
623 1299 802 1372 comperimus
826 1315 1006 1355 convenarum
1029 1313 1062 1354 ac

92 1381 190 1437 civium
214 1380 413 1436 multitudinem
442 1382 516 1436 iuxta
540 1381 635 1436 famam
663 1382 752 1454 illius,
781 1383 901 1455 nihilque
929 1382 1059 1456 imparem

94 1467 217 1540 opinioni
239 1474 349 1521 nostrae
371 1464 466 1522 fuisse.
510 1464 577 1521 llluc
599 1467 669 1522 enirn
693 1469 849 1522 uuiversum
864 1465 1059 1522 Saracenorum

94 1567 184 1624 genus
207 1546 372 1606 confluxisse
394 1558 503 1623 putares
527 1565 541 1604 a
564 1549 630 1606 solis
653 1557 717 1606 ortu
740 1559 768 1608 et
791 1567 898 1622 occasu,
921 1551 953 1606 ab
975 1551 1058 1624 Aqui-

93 1635 157 1690 loue
181 1642 210 1692 et
232 1635 314 1706 mari,
342 1636 415 1690 iuxta
439 1633 588 1690 beatissimi
616 1635 720 1690 flavidis
747 1643 907 1691 consuetum
929 1635 1061 1708 loquendi

91 1735 207 1776 morem.
251 1719 326 1774 Unde
349 1720 376 1774 in
399 1725 473 1774 tanta
496 1718 673 1774 incolentium
694 1719 809 1776 colluvie
824 1721 1008 1794 coangustati,
1030 1721 1059 1775 in

90 1805 209 1861 circuitu
232 1803 310 1858 aedes
333 1811 440 1858 struere
463 1808 545 1877 atque
573 1803 693 1860 habitare
714 1805 910 1879 incoeperunt,
937 1804 1004 1860 adeo
1027 1813 1059 1860 ut

89 1889 243 1962 permultas
266 1887 419 1944 adiacentes
443 1887 524 1944 urbes
538 1889 691 1963 posuerint,
714 1889 866 1963 primariae,
889 1891 912 1945 si
928 1889 988 1964 quis
1004 1889 1059 1944 vel·

87 1973 143 2046 let,
166 1973 201 2029 ad
229 1971 441 2046 oppugnandum
464 1981 491 2028 et
513 1973 720 2047 repugnandum
748 1991 803 2030 non
824 1975 947 2049 impares.
993 1973 1060 2030 Cum

87 2060 184 2132 igitur,
213 2063 244 2111 ut
266 2056 356 2113 dicere
371 2057 486 2131 institui,
509 2059 672 2131 nequissima
690 2059 753 2114 urbs
770 2061 889 2116 omnium
912 2059 1061 2135 potiretur,

15 2181 16 2184 η
89 2143 287 2211 Contarchum,
311 2143 417 2214 imperii
440 2159 539 2199 nomen
560 2142 587 2198 id
610 2150 668 2214 est,
698 2145 740 2200 sui
762 2145 876 2200 nominis
902 2143 1060 2200 celebritate
1084 2170 1087 2175 ·

92 2232 253 2301 neutiquam
277 2225 389 2300 dignum
411 2227 532 2301 putavit,
555 2225 642 2284 donec
664 2245 715 2282 nes
738 2227 788 2282 snb
811 2230 904 2301 iugum
928 2230 1059 2288 mitteret.
1123 2237 1127 2242 '

90 2311 160 2378 Quin
185 2320 213 2368 et
243 2327 273 2365 se
302 2311 435 2368 facturum
461 2312 597 2384 promittit
625 2319 653 2366 et
680 2313 874 2384 comminatur,
902 2321 932 2367 ut
958 2313 1005 2368 abs
1028 2329 1059 2368 se

89 2396 175 2470 longe
197 2396 316 2470 positos,
340 2402 421 2466 atque
444 2395 510 2450 adeo
533 2395 618 2468 ipsius
640 2396 817 2469 imperatricis
840 2396 914 2453 urhis
936 2397 1008 2452 viros
1031 2397 1059 2452 in

90 2497 167 2536 suam
191 2479 299 2552 redigat
321 2487 483 2552 potestatem
507 2520 588 2539 ....
622 2479 668 2535 llis
691 2481 728 2536 ita
751 2497 780 2536 se
802 2479 972 2544 habentibus,
995 2491 1059 2555 post

90 2565 162 2620 diem
185 2566 312 2636 quintum
336 2563 368 2618 ad
391 2565 519 2620 maiorem
535 2565 651 2620 Amicam
669 2565 876 2621 introducimur.
921 2565 946 2620 ls
969 2573 1059 2621 autem

91 2649 123 2704 ad
147 2649 281 2704 solarium
303 2649 421 2722 superbe
443 2650 471 2704 in
493 2647 562 2704 solio
586 2649 731 2706 considens
753 2650 830 2706 valde
846 2649 897 2706 sibi
920 2664 952 2705 ex
967 2657 1059 2723 tyran-

89 2735 151 2789 nica
175 2739 314 2806 potestate
337 2733 472 2806 placebat,
495 2741 523 2789 et
546 2736 621 2808 quasi
645 2735 755 2791 mantile
770 2735 859 2806 nobis,
881 2736 988 2808 ipsique
1004 2750 1060 2790 me·

89 2817 165 2872 diurn
189 2833 355 2892 suspensum
378 2819 515 2892 utrimque
537 2818 691 2892 aspectibus
707 2819 908 2880 obversabatur.
952 2819 1059 2876 Sistunt
1145 2811 1149 2821 '

89 2901 258 2976 Episcopum
274 2904 405 2958 ministri:
427 2912 486 2958 tum
503 2902 550 2958 ille
564 2921 614 2977 per
629 2905 817 2978 interpretem,
840 2905 937 2974 Tenes,
959 2905 1059 2978 inquit,

88 2994 243 3044 nostratem
278 2987 372 3044 orandi
405 2987 550 3044 modumi
570 2987 692 3060 llinime,
725 2991 814 3063 inquit
844 2991 1061 3063 sapientissimus

87 3071 215 3144 Praesul.
261 3070 285 3127 ls
308 3088 391 3144 vero,
420 3072 502 3128 Cuius
524 3073 563 3126 rei
586 3073 691 3147 gratia?
720 3071 877 3147 Respondet
898 3068 1059 3148 Episcopus,

88 3153 170 3221 Quod
193 3172 316 3212 summus
340 3173 392 3232 ego
416 3155 547 3212 Sacerdos
569 3157 668 3212 Christi
689 3174 767 3232 sum,
791 3157 945 3232 Christique
967 3175 1060 3214 serve·
1110 3182 1112 3186 ⁴

88 3256 149 3294 rum
174 3239 366 3314 llystagogus,
389 3241 423 3297 de
446 3257 500 3315 quo
523 3239 675 3314 Prophetae
698 3250 725 3298 et
747 3243 813 3298 lusti
836 3243 899 3300 olim
923 3243 1059 3300 vaticinati

87 3331 166 3402 sunt.
212 3322 275 3380 Non
296 3333 377 3398 sunt,
404 3328 495 3400 inquit
516 3327 636 3398 hmiras,
659 3326 730 3400 apud
753 3344 802 3382 vos
824 3345 917 3384 revera
940 3327 1060 3400 Prophe·

88 3415 144 3478 tae,
169 3414 237 3462 sunt
259 3425 324 3465 vero
347 3413 471 3468 nomine:
494 3427 549 3466 non
573 3411 643 3466 enim
659 3409 691 3466 ab
714 3411 766 3466 illis
782 3411 912 3468 alienatus
933 3427 1008 3467 esses
1025 3408 1060 3466 ob
1131 3469 1135 3472 ,

89 3502 152 3548 tuas
177 3490 334 3566 doctrinas,
362 3511 450 3569 neque
479 3513 493 3551 a
515 3502 588 3552 recta
611 3493 663 3552 fide
690 3493 861 3553 deflexisses:
889 3498 916 3551 in
945 3495 1058 3552 circuitu
