2544 3852
210 204 270 270 192
394 195 400 204 ’
543 203 826 256 annornmomss
1228 2 1264 277 7

142 361 149 373 ¹
269 345 342 418 227,
366 315 415 401 21.
448 336 545 404 ἐπίασι
568 344 626 400 τῶν
648 331 822 414 ἀνακτόρων
843 344 905 411 τοῖς
926 337 1002 413 πρὸς
1027 336 1080 400 τὸν
1101 333 1177 400 o'uu'·v
1262 331 1264 362 ³

205 443 312 506 σχοντοι
334 421 433 507 ἥλιον]
458 429 602 504 Scylitzos:
626 423 799 502 κυριεύουσι
823 422 854 484 δὲ
875 425 935 483 τῶν
948 419 1123 501 ἀνακτόρων
1138 423 1167 498 ἐξ

206 507 316 588 ἐφόδου
344 523 396 572 eto.
430 515 528 588 quihus
557 515 645 570 verbis
678 515 804 589 llagnum
833 513 964 570 Palatium
992 514 1166 588 intelligitur,
1252 545 1264 742 ,

206 600 279 675 quod
303 601 334 656 ad
357 599 494 656 Orientem
516 597 589 654 urbis
612 600 710 655 extitit.

270 684 342 754 227,
365 683 414 742 30.
449 670 605 758 Λαζάρου]
630 683 694 738 Vide
717 683 805 739 Gloss.
828 683 899 739 med.
915 683 1029 742 Graecit.
1052 684 1081 738 in
1102 671 1167 739 Λά-

206 765 240 837 ζα
261 784 303 837 ος.

156 852 205 901 120
242 787 347 927 ρ228,
373 851 421 912 12.
452 843 514 906 ἐπεὶ
543 843 571 905 δ’
596 843 628 906 ἐν
650 850 711 918 τοῖς
733 846 908 928 βασιλείοις]
938 853 1094 925 Anonymus
1120 851 1168 907 Ba·

205 940 307 998 rensis:
330 937 411 993 Auno
436 936 527 994 1078.
551 935 615 992 Iud.
642 936 669 991 1.
685 977 687 979 -
704 937 848 994 Elocutus
870 943 912 991 est
933 936 1008 1008 Imp.
1031 935 1168 1008 Nilo'foro

205 1023 366 1093 Boionioti,
381 1036 477 1077 menso
495 1020 607 1090 Martii,
631 1026 659 1076 et
680 1021 810 1092 deposuit
826 1020 945 1078 Mtclooil
960 1021 1033 1092 Imp.
1056 1028 1084 1077 et
1104 1024 1169 1078 tulit

205 1125 284 1164 uxor
306 1110 367 1164 cius
389 1106 444 1162 sibi
464 1121 597 1176 uxorem,
618 1103 747 1178 fecitque
769 1120 833 1160 cum
849 1105 1021 1172 Monachus,
1045 1106 1170 1177 etfacit

206 1207 312 1249 occure
335 1190 477 1262 Bouiloltp
503 1197 531 1245 ot
556 1189 668 1246 Brioui.
713 1189 784 1244 ilaec
811 1188 955 1244 admodum
983 1187 1110 1261 barbara,
1137 1198 1170 1246 ut

206 1282 310 1335 caeteta
334 1274 454 1331 eiusdem
477 1275 627 1346 scriptoris.
781 1297 801 1306 ν

270 1358 342 1430 228,
366 1359 416 1418 29.
449 1353 658 1434 νωβελίοιμον]
681 1357 746 1414 Vide
768 1357 857 1414 Gloss.
880 1357 951 1414 med.
975 1357 1090 1415 Graecit.

270 1442 342 1514 229,
368 1445 395 1500 1.
429 1435 618 1519 καλοβρύην]
650 1442 713 1498 Virle
736 1441 806 1500 idem
829 1441 917 1498 Gloss.
939 1443 967 1498 in
990 1441 1118 1517 Βρύοις,
1142 1451 1171 1500 et

206 1528 343 1584 llissertat.
368 1529 402 1585 de
424 1526 564 1584 Heltdomo
587 1528 661 1584 hisce
683 1527 756 1584 notis
779 1527 935 1583 subiectam.

258 1611 343 1685 Ι229,
367 1613 395 1670 9.
432 1607 464 1666 οἱ
484 1603 649 1687 Bu‘popyoc]
675 1611 710 1667 lle
731 1610 860 1686 Varangis
882 1613 993 1685 copiose
1015 1613 1121 1686 egimus
1141 1615 1173 1668 in

205 1696 283 1753 Notis
306 1697 339 1752 ad
362 1695 590 1765 Villharduiuum,
613 1704 640 1752 et
663 1695 694 1751 ad
716 1695 879 1754 Alexiadem.

270 1781 345 1852 229,
378 1781 426 1839 16.
466 1767 851 1857 μητροπολίτηςἜφέοου]
887 1780 951 1836 Vide
979 1781 1105 1836 Allatium
1136 1781 1172 1838 de

205 1864 300 1922 Psellis
322 1883 350 1938 p.
373 1865 424 1922 41.

271 1948 342 2019 229,
366 1948 416 2009 27.
445 1941 477 2002 ἐν
498 1945 534 2028 τῇ
556 1945 609 2004 τοῦ
625 1947 777 2020 Muooupl
798 1943 889 2028 μονῇ]
914 1951 949 2005 lle
965 1949 1095 2006 llauuelis
1110 1950 1170 2006 llo·

206 2034 325 2090 nestorio
354 2034 460 2106 agimus
487 2034 516 2089 in
544 2041 637 2090 nostra
667 2031 903 2108 Constantinopoli
934 2033 1034 2091 Christ.
1062 2033 1109 2091 lib.
1138 2035 1171 2092 4.

270 2201 347 2273 230,
372 2201 399 2258 1.
427 2191 638 2274 Νικηφόροςὸ
664 2195 859 2279 Βοιοιλοίκιος]
889 2202 971 2259 Cuius
993 2201 1172 2260 rebellionem
1261 2245 1263 2278 ,

206 2293 233 2342 et
255 2285 394 2343 fortunam
408 2285 532 2360 pluribus
548 2295 673 2344 enarrant
695 2287 863 2362 Nicephorus
885 2288 1034 2360 Bryennius
1056 2289 1083 2344 in
1100 2287 1171 2344 Hist.
1262 2279 1263 2322 1

205 2379 234 2426 et
255 2372 354 2427 coniux
375 2373 450 2426 Anna
473 2370 607 2428 Comnena
629 2371 674 2428 lib.
699 2373 715 2429 1
739 2371 858 2429 Alexiad.
1261 2369 1263 2444 j

270 2453 345 2527 235,
370 2454 409 2526 5.Ι
429 2447 486 2528 τὴν
506 2449 631 2533 μητέρα]
660 2458 736 2514 Anna
757 2455 915 2530 llalassena,
938 2455 971 2513 de
995 2473 1046 2530 qua
1069 2457 1097 2512 in
1119 2455 1172 2514 lla·
1261 2481 1262 2494 .

95 2602 97 2606 .
206 2537 286 2595 aniliis
307 2540 416 2615 Byzaut.

271 2622 348 2697 235,
373 2626 401 2682 6.
437 2619 470 2680 ἐκ
492 2621 544 2697 τῆς
566 2625 660 2698 μονῆς
683 2622 735 2680 τοῦ
757 2620 951 2701 Kuoculsloo]
983 2625 1047 2683 Τοῦ
1068 2621 1169 2682 Νικο-

206 2700 280 2764 λάου
304 2709 473 2766 scribendum
496 2726 529 2766 en
551 2711 626 2768 Anna
649 2709 784 2767 Comnena
806 2710 960 2766 monuimus
986 2711 1015 2766 iu
1037 2709 1113 2768 Notis
1137 2710 1172 2766 ad

88 2827 90 2830 -
206 2794 265 2849 eius
286 2793 440 2850 alexiadem
463 2812 489 2868 p.
515 2793 590 2860 246,
614 2793 659 2852 ubi
682 2796 821 2852 docuimus
845 2795 960 2868 intelligi
982 2794 1081 2852 debere
1105 2795 1172 2851 Ora·

12 2878 15 2885 “
206 2877 307 2932 torium
330 2876 358 2934 S.
382 2876 482 2936 Nicolai
506 2878 578 2952 quod
602 2880 675 2936 iutra
697 2879 786 2954 Magni
808 2878 899 2934 Palatii
922 2887 999 2952 septa
1021 2878 1172 2936 aedificavit

205 2960 320 3017 Basilius
342 2961 466 3036 Macedo,
494 2963 622 3037 quodque
650 2963 721 3020 idem
744 2963 850 3020 videtur
871 2979 932 3020 cum
954 2962 1117 3020 llouasterio
1142 2963 1171 3023 S.

167 3084 169 3100 .
206 3044 308 3102 Nicolai
330 3045 594 3119 sanctimonialium,
625 3057 653 3105 et
675 3041 884 3123 Πατριαρχικὴ
906 3043 1064 3122 γυναικεία
1091 3042 1171 3123 μονὴ

204 3126 259 3185 τοῦ
279 3121 369 3205 ἆγίου
391 3121 547 3190 Νικολάου
569 3133 722 3208 appellatur
748 3134 776 3190 in
799 3133 900 3208 l'ypico
923 3149 971 3189 ms.
1002 3130 1055 3204 τῆς
1077 3132 1172 3207 Κεχα-

206 3207 386 3291 promptum,
412 3215 458 3273 ubi
481 3224 573 3274 exerte
595 3219 726 3274 statuitur
751 3219 779 3273 in
802 3225 889 3274 tractu
911 3216 983 3274 aedis
1006 3217 1171 3292 Sophianae.

271 3300 349 3372 236,
373 3301 402 3360 8.
433 3291 640 3379 Μελισοηνόν]
675 3301 879 3360 llelissenorum
908 3301 1020 3359 iamlliae
1048 3303 1173 3360 meminit

206 3385 363 3459 Anonymus
386 3387 414 3440 in
436 3386 489 3442 vita
513 3387 539 3442 S.
562 3386 665 3444 Nicolai
688 3387 811 3444 Studitae
832 3405 860 3462 p.
885 3385 956 3444 944.
992 3386 1074 3444 Plura
1088 3387 1174 3444 etiam

206 3467 240 3524 de
262 3486 293 3525 ea
315 3471 502 3544 congessimus
524 3471 552 3526 in
575 3469 692 3529 Familiis
715 3473 845 3546 Augustis
867 3471 1020 3545 Byzantinis
1042 3488 1070 3545 p.
1096 3471 1170 3529 173.
