2550 3854
164 223 207 292 '14
508 228 788 280 ANNOTATIONFS

163 367 192 424 in
214 369 343 439 nummis,
367 370 558 440 existimarem,
582 370 634 424 nisi
657 368 779 425 obstaret
801 367 902 425 Globus
925 368 971 424 ille
992 371 1020 425 in
1042 369 1129 444 laeva,

165 455 211 526 qui
233 451 291 508 Soli
313 451 424 509 attribui
452 453 537 510 solet:
566 454 674 509 tametsi
697 451 813 510 Globum
835 456 934 526 etiam,
962 469 1011 510 seu
1033 453 1131 514 Polum

163 536 318 608 caelestem,
333 537 469 594 Fortunae
484 537 618 594 adscribat
632 537 778 594 Pausanias
793 539 821 594 in
836 537 1006 594 Messeniacis
1021 555 1049 612 p.
1069 538 1131 598 140

163 621 286 678 scribens
308 621 438 696 Bupalum
466 622 584 697 primum
612 621 764 697 Smyrnaeis
793 621 929 680 Fortunae
957 623 1130 680 simulacrum

163 705 261 762 iecisse
284 722 346 762 cum
367 705 434 762 Polo
457 723 540 782 supra
562 713 653 781 caput,
676 715 704 764 et
726 705 810 764 altera
832 723 913 764 manu
935 704 1026 762 Cornu
1041 707 1130 763 Amal·

163 789 243 847 the-ae
265 798 433 864 gestantem:
462 786 645 890 Σμυρναίοις
667 779 785 886 ύγαλμα
812 781 1006 867 ἐργαζόμενος
1029 781 1129 864 Τύχης

162 891 279 948 πρωιος
301 860 484 976 ἒηοίησεν
461 894 504 932 ccv
526 870 621 949 ἴσμεν,
644 865 738 976 μόλον
760 893 791 932 τε
814 870 940 976 ἔχονμαν
962 867 1066 932 toi
1026 893 1066 954 τη
1081 892 1129 932 κε-

165 956 262 1060 peip,
285 953 336 1062 ηαὶ
360 958 397 1040 τῇ
403 953 503 1056 ἓιέρηι
524 954 600 1060 χειρὶ
622 953 655 1016 cd
672 951 861 1034 καλονμενον
879 951 1115 1054 Ἀμαλθείκς’
1081 979 1129 1017 κε-

164 1060 217 1116 ροις
239 1035 300 1100 dni
320 1019 487 1118 Ελλήνων·
517 1062 605 1114 ovro9
626 1037 682 1120 μὲν
704 1039 752 1103 ἐπὶ
775 1035 905 1125 τοσούτῳ
928 1034 1056 1118 ἐδήλωσε
1075 1043 1131 1119 τῆς

165 1123 290 1183 Θεοῦ”
265 1145 352 1224 εργα.
398 1129 497 1187 liudem
523 1132 609 1204 igitur
635 1129 689 1186 luit
718 1131 797 1188 aedes
825 1129 963 1188 Fortunae
991 1138 1018 1186 et
1041 1129 1128 1202 Genii,

165 1228 246 1285 quem
265 1198 399 1288 Ἀγαθὸν
422 1209 549 1286 δαίμονα
570 1213 756 1290 appellabant:
785 1215 858 1290 quod
881 1223 955 1273 certe
978 1231 1010 1271 ex
1032 1214 1130 1271 eodem

164 1295 345 1354 Pausaniam
366 1299 501 1356 Boeotiois
527 1318 555 1374 p.
579 1299 640 1358 313
663 1299 794 1374 colligere
817 1308 871 1358 est·
903 1287 936 1354 cd
960 1293 1043 1356 δὲ’
1014 1295 1128 1371 σι’κημα

165 1373 317 1456 Δαίμονός
338 1399 370 1439 τε
391 1370 513 1458 ύγοιθοῦ
539 1377 591 1439 και
615 1376 714 1458 Τύχης
734 1377 814 1440 ἐστὶν
829 1373 961 1460 αγαθῆς.
994 1381 1028 1440 ut
1043 1383 1129 1440 inira:

163 1461 197 1520 ol
216 1459 247 1522 δὲ
269 1454 350 1535 ἐς
319 1484 352 1523 ιο
374 1463 488 1544 οἴκημα
509 1462 588 1526 eoba
610 1462 662 1525 καὶ
684 1459 829 1545 πρότερον
853 1464 981 1568 deperire.
994 1458 1077 1544 παρά
1099 1483 1131 1524 τε

165 1543 249 1630 Τύχη
270 1545 322 1608 καὶ
346 1550 495 1627 Δαίμοσιν
516 1542 660 1629 ἇγαθοις,
684 1561 735 1616 eto
763 1553 809 1610 ubi
834 1543 917 1629 Τύχη
939 1555 1056 1630 primum
1080 1553 1130 1610 ob·

163 1635 233 1692 tinet
254 1637 354 1696 locum.
399 1637 474 1696 Unde
501 1639 631 1696 docemur
659 1656 707 1695 cur
731 1633 829 1714 Τύχης
854 1639 985 1696 vocabulo
1008 1637 1131 1694 Fortuna

164 1727 191 1777 et
214 1719 313 1778 Genius
337 1723 484 1820 donentur,
506 1740 567 1780 cum
589 1725 617 1779 in
640 1723 733 1780 eadem
756 1724 821 1780 aede
836 1723 1004 1781 colerentur.
1042 1720 1131 1778 Fude-

164 1820 223 1860 mus
245 1806 273 1860 in
288 1803 308 1860 l
311 1808 386 1864 erico
409 1824 517 1864 mser
538 1824 593 1881 quo
609 1825 659 1863 sua
673 1808 763 1864 hausit
778 1807 890 1866 Suidas:
912 1799 1036 1884 ύγαθού
1053 1802 1129 1860 Δαί-

161 1904 268 1986 μονος·
302 1884 376 1958 ἔθος
403 1879 484 1966 εἶχον
511 1887 545 1946 οἱ
566 1885 688 1948 παλαιοὶ
715 1911 788 1987 peret
815 1909 848 1948 το
877 1889 1000 1996 delores}
1031 1889 1132 1948 πίνειν

162 1961 285 2074 ύγμθου
307 1971 472 2050 Δαίμονος,
495 1964 769 2078 tetppopotoesffl
750 1993 893 2052 ακραιον,
916 1971 967 2035 uod
990 1973 1076 2035 τοῦτο
1100 1969 1133 2032 δὲ

162 2051 279 2130 τριτον,
310 2053 361 2114 καὶ
388 2051 503 2136 ημέρας
531 2053 563 2116 δὲ
589 2079 645 2156 ιηη
673 2055 815 2158 deusdona
836 2059 889 2119 τού
915 2051 1009 2138 μηνὸς
1037 2050 1132 2129 σύκοις

162 2131 304 2198 ἕκύλιονν·
335 2139 386 2201 καὶ
418 2137 451 2200 ἕν
479 2139 595 2220 Θήβαις
625 2163 666 2219 ην
692 2163 795 2224 ηρηοον
822 2134 942 2222 σἰγαθού
969 2143 1131 2221 Δαίμονος.

162 2223 305 2284 Enimvero
328 2233 407 2289 variis
431 2230 490 2288 aliis
512 2231 629 2288 Deorum
651 2233 748 2288 statuis
775 2241 936 2290 exornatum
962 2224 1059 2306 Τύχης
1081 2230 1131 2287 Fa·

164 2327 229 2366 num
257 2311 337 2370 docet
358 2333 423 2390 prae
451 2317 563 2373 caeteris
591 2315 675 2373 bio
667 2333 695 2372 m
718 2318 852 2411 excerptis
859 2317 1039 2456 §Valesiapim
1065 2316 1132 2374 scri·

114 2368 231 2450 54bens
253 2395 395 2457 Lucullum
418 2387 493 2498 πρὸς
515 2418 570 2474 νην
592 2397 645 2456 τού
663 2389 841 2476 Τοχοιίοο,ὃ
859 2394 892 2456 ἐκ
907 2417 959 2458 ιον
980 2393 1132 2477 Ἰβηρικοῦ

163 2473 293 2553 πολέμου
315 2477 513 2542 κατεσκεύασε
538 2478 737 2560 καθιέρωσιν,
766 2493 870 2542 statuas
893 2486 1064 2543 commodato
1087 2502 1132 2542 ac-

163 2565 269 2638 cepisse
291 2584 305 2622 a
328 2567 466 2644 Mummio,
488 2587 540 2628 nec
561 2569 676 2626 reddere
692 2587 735 2627 eas
756 2570 932 2645 postmodnm
947 2571 1078 2642 voluisse,
1099 2577 1132 2626 ut

164 2665 233 2722 quae
261 2649 430 2713 dedicatione
458 2671 550 2712 sacrae
581 2663 673 2711 essent
700 2654 794 2716 iactae
838 2653 888 2711 Ubi
914 2653 1011 2712 Strabo
1040 2653 1087 2715 lib
1111 2653 1131 2712 8
1161 2685 1164 2690 ·
1214 2709 1216 2714 ,
1270 2699 1272 2730 η

163 2749 220 2788 rem
250 2736 360 2794 eandem
389 2756 518 2835 narrans,
547 2756 600 2810 της
622 2725 773 2813 Εντνχίας
800 2733 900 2814 leode,
929 2747 958 2796 et
984 2739 1132 2796 Cicereia
1271 2735 1272 2752 ¹

164 2813 273 2874 Verrem
301 2820 335 2877 de
362 2825 468 2898 signis,
496 2824 596 2880 cedem
622 2824 798 2898 Felicitatis,
828 2832 916 2882 vocat.
965 2823 1004 2880 llx
1030 2822 1131 2900 quibus

164 2903 273 2958 omniuo
295 2913 371 2979 patet
395 2907 526 2984 Τνχαῐον
547 2924 603 2964 non
631 2907 717 2966 fuisse
739 2911 839 2966 oedem
866 2909 960 2980 Genii,
989 2909 1038 2964 sed
1060 2927 1130 2982 pro·

163 3001 270 3056 sperne
294 2989 466 3089 Fortunae,
495 3009 575 3088 quam
597 2979 721 3068 ύγαθην
747 2984 846 3068 Τύχην
875 3011 941 3052 voca
975 2993 1130 3050 Pausanias

163 3067 305 3129 Caeterum
326 3071 403 3132 ναού
429 3075 482 3150 τῆς
506 3068 606 3151 Τύχης
633 3076 777 3135 Caesareae
806 3080 928 3136 meminit
943 3001 1131 3175 bheopbanes

163 3169 207 3212 au
232 3157 259 3212 1.
285 3157 393 3218 luliani:
417 3171 448 3220 ut
469 3161 588 3219 Eudocia
609 3163 763 3238 Augusta
755 3179 783 3220 ru
805 3163 888 3220 loniis
910 3179 975 3220 mss.
998 3181 1051 3262 της
1068 3153 1129 3218 Τύ-

164 3254 220 3312 ρον
243 3231 351 3321 Τύχης,
375 3262 455 3319 quarn
477 3243 660 3323 Πορφυρίαν
682 3247 843 3322 appellatam
858 3247 943 3305 lauisse
966 3249 1002 3304 ait
1022 3249 1050 3304 in
1063 3245 1131 3304 Por·

162 3323 252 3397 pbyrii
279 3325 436 3404 Philosophi
463 3331 564 3406 elogio.
616 3331 687 3396 llaec
711 3349 795 3408 porro
827 3333 913 3389 insius
942 3349 1035 3390 sumus
1062 3347 1128 3406 pro·

164 3413 260 3486 secuti,
283 3419 315 3468 ut
337 3429 369 3470 ex
384 3413 566 3490 descriptione
587 3416 734 3474 Libauiana
755 3417 919 3474 doceremur
940 3434 989 3474 our
1011 3419 1040 3473 in
1063 3415 1129 3473 ande
