2550 3854
468 260 519 311 an
536 260 620 315 von.
638 261 688 313 1v.
762 333 766 339 ι
1003 261 1065 326 139

96 403 130 458 ad
153 401 270 476 lapidum
294 402 444 476 proiectum
467 401 529 456 usui
551 407 636 456 erant.
681 399 736 457 lali
760 403 830 457 enim
848 402 952 458 ludicro
975 405 1064 476 parri·

96 487 172 542 cidae
194 485 233 542 illi
255 483 349 555 urbem
372 484 529 542 invadentes
550 500 611 540 sese
634 483 819 542 oblectabant:
842 503 892 542 nec
912 504 976 542 sane
991 485 1062 543 diffi-

98 572 144 628 cili
165 572 278 645 negotio
301 569 510 644 grassabantur,
538 570 632 643 paucis
656 569 798 628 admodum
815 569 945 626 ‘millibus
967 578 1061 628 custo·

96 655 234 712 dientibus
261 662 365 729 partem
392 653 480 726 lllam,
507 661 654 728 propterea
682 655 754 727 quod
783 663 968 729 opportunum
995 654 1063 711 illud

98 740 235 817 pugnandi
260 748 365 812 ternpus
380 739 450 795 cives
465 755 520 795 non
536 737 723 811 aestimabant,
745 739 889 813 securique
908 755 1065 813 propugna-

100 835 174 881 tores
196 825 246 880 alia
269 823 358 879 omnia
380 839 460 896 quam
482 821 516 879 ad
537 823 744 897 propugnacula
766 841 796 879 se
810 823 937 880 conferre
953 823 1065 880 medita·

99 911 209 966 bantur.
256 909 320 964 bum
343 909 429 982 igitur
450 907 544 964 hostes
566 908 594 964 in
617 906 711 963 urbem
734 907 836 982 lapides
853 907 1019 965 horrendum
1035 910 1063 964 in

99 993 210 1049 modum
232 993 431 1063 coniectarent,
455 999 601 1065 totumque
627 991 700 1047 illius
730 992 861 1049 ambitum
882 992 1063 1066 complerent,

98 1078 171 1134 scala
193 1077 322 1152 quaedam
344 1076 434 1151 lignea
456 1094 506 1150 per
528 1093 606 1150 quam
636 1077 886 1152 propugnatoribus
915 1084 973 1132 erat
999 1093 1063 1152 per·

98 1164 155 1235 via,
178 1162 350 1232 semidiruta‚
376 1162 458 1217 turris
481 1161 646 1234 ellrlngitur:
675 1177 731 1234 quo
754 1162 827 1220 lacto
849 1177 944 1218 rumor
965 1163 1062 1236 ingens

97 1254 212 1304 exortus
235 1253 294 1318 est,
322 1261 402 1320 quem
425 1262 486 1301 cum
509 1244 655 1302 audivisset
676 1245 826 1318 Patricius,
849 1247 980 1304 continuo
1004 1263 1076 1302 sur··

98 1333 169 1388 rexit
190 1333 341 1405 impransus
372 1347 387 1386 e
409 1345 517 1402 mensa,
545 1335 603 1403 pro‘
618 1330 689 1386 scala
711 1330 787 1387 valde
815 1330 950 1387 sollicitus
972 1332 1062 1387 animi.

99 1417 152 1472 lam
175 1431 240 1472 vero
262 1415 369 1471 barbari
389 1413 471 1470 simul
491 1414 566 1470 illam
588 1414 737 1488 disruptam
763 1431 923 1488 persensere
952 1413 1065 1489 (quippe

98 1517 161 1558 cum
183 1515 270 1576 prope
291 1501 375 1574 ipsam
390 1497 509 1572 lapidum
524 1499 657 1574 proiectio
678 1499 849 1574 contigisset)
874 1515 952 1555 muro
968 1515 1065 1574 magna

97 1603 162 1642 cum
184 1585 321 1642 alacritate
343 1585 541 1658 propinquant:
565 1599 681 1657 eumque
703 1585 812 1639 nonnisi
834 1599 935 1657 paucos
957 1585 985 1639 in
1006 1593 1064 1639 tur·

99 1674 138 1728 ris
160 1667 294 1745 praesidio
316 1669 422 1743 positos
451 1669 599 1742 conspirati
621 1676 728 1738 essent,
756 1668 806 1724 bos
833 1669 943 1724 fortiter
964 1667 999 1723 ibi
1021 1683 1064 1725 re-

99 1763 253 1831 pugnantes
276 1751 509 1824 contrucidarunt,
533 1755 605 1809 inter
620 1769 689 1826 quos
705 1753 785 1808 etiam
805 1759 863 1809 erat
878 1750 973 1808 beatus
989 1752 1066 1808 lean·
1083 1747 1086 1752 ’

101 1857 149 1897 nes
171 1839 313 1910 Patricius,
337 1853 391 1911 quo
414 1837 487 1894 lacto
508 1837 593 1894 libere
616 1837 738 1894 inillam
761 1836 957 1907 conscendunt,
980 1851 1066 1911 eaque

97 1925 208 1981 ‹lemum
230 1923 311 1997 potiti
333 1931 406 1981 sunt.
445 1921 512 1978 llinc
535 1937 599 1978 vero
622 1921 747 1996 deinceps
770 1923 799 1978 in
821 1922 931 1978 modum
947 1920 1065 1978 lluminis

100 2025 151 2083 per
172 2017 259 2065 totam
281 2007 374 2064 urbem
397 2006 486 2064 dillusi
508 2009 536 2064 in
557 2006 666 2063 illorum
681 2013 834 2081 conspectu
855 2005 1003 2062 volitabant
1018 2007 1066 2080 qui

100 2094 136 2150 ad
157 2093 364 2168 repugnandum
386 2091 475 2149 adbuc
496 2090 740 2166 congregabantur.
779 2093 817 2146 Ac
831 2093 947 2166 primum
969 2093 1002 2146 iis
1019 2093 1065 2164 qui

99 2178 135 2234 ad
158 2177 309 2234 Servatoris
331 2176 404 2233 aedis
426 2175 589 2232 vestibulum
613 2183 707 2232 contra
730 2191 778 2231 eos
794 2178 878 2232 aciem
893 2174 1066 2231 instruebant

99 2263 134 2319 ad
157 2278 240 2318 unum
264 2260 420 2330 trucidatis,
449 2277 547 2334 magno
575 2260 695 2334 impulsu
718 2258 805 2315 valvas
828 2260 967 2332 aperiunt,
997 2267 1065 2316 tern-

100 2346 231 2422 plumque
253 2345 371 2401 subeunt
393 2347 495 2402 strictis
518 2344 640 2415 ensibus,
663 2344 759 2400 crabro
775 2344 897 2399 anhelitu
911 2344 1002 2416 ignem
1019 2359 1068 2398 na-

100 2429 177 2487 ribus
200 2430 341 2504 oculisque
369 2430 514 2504 spirantes.
560 2427 627 2484 'lum
656 2445 721 2484 vero
751 2429 838 2484 omnis
866 2435 940 2482 aetas
969 2425 1066 2482 codem

102 2517 233 2589 temporis
256 2508 394 2571 momento
417 2516 445 2571 in
468 2515 524 2570 acie
546 2511 628 2587 gladii
650 2513 771 2584 corruit,
799 2511 938 2585 Principes
959 2519 987 2566 et
1009 2527 1067 2566 orn-

97 2617 151 2658 nes
173 2599 276 2656 iudices
299 2606 387 2656 terrac
411 2597 494 2673 (quod
516 2600 544 2654 in
558 2596 671 2664 Psalmis
687 2593 782 2653 canere
800 2595 932 2666 solemus)
954 2597 1066 2651 iuvenes

98 2694 130 2741 et
152 2685 281 2758 virgines,
304 2700 384 2740 senes
406 2681 644 2753 ruminatoribus,
667 2683 842 2738 monasticam
858 2679 985 2756 professi,
1009 2689 1067 2736 tum

102 2770 274 2824 matrimonio
296 2768 425 2842 copulati,
448 2768 604 2824 sacerdotes
627 2775 654 2823 et
674 2765 803 2842 populus,
826 2781 921 2822 servus
945 2773 972 2821 et
987 2763 1064 2835 liber,
1084 2777 1119 2826 91

99 2855 204 2926 quique
226 2855 253 2908 in
275 2853 352 2909 lectis
375 2853 462 2909 multo
483 2855 534 2909 iam
558 2844 680 2927 tempore
709 2851 895 2907 valetudinarii
924 2848 1068 2905 decumbe·

101 2939 178 2995 bant.
221 2937 285 2994 Nam
308 2954 342 2994 ne
365 2937 406 2994 bis
430 2937 538 3015 quidem
568 2953 696 3012 parcere,
720 2935 899 3007 bambone,
928 2931 1067 2990 carnifices

25 3053 29 3059 ·
99 3021 140 3079 illi
163 3022 332 3080 didicerunt:
356 3024 461 3079 animas
484 3024 554 3078 enim
578 3023 687 3078 humani
706 3022 845 3094 sanguinis
861 3021 956 3076 sitiens
972 3035 1067 3074 eorum

103 3107 234 3179 moribus,
258 3108 304 3181 qui
325 3110 414 3182 primo
436 3109 497 3162 irati
521 3114 678 3176 occurrunt,
702 3106 810 3160 minime
825 3106 967 3160 satiantur.
1005 3102 1068 3157 Erat

103 3194 189 3265 igitur
211 3199 269 3247 tum
292 3192 383 3248 videre
411 3189 452 3267 (ut
475 3192 628 3266 sophoniae
651 3188 741 3245 verbis
764 3185 854 3266 utar),
882 3187 953 3245 diem
979 3188 1068 3258 illum,

99 3274 174 3331 diem
197 3277 353 3333 calamitatis
376 3285 404 3334 et
426 3278 559 3349 miseriae,
582 3275 652 3331 diem
668 3275 809 3348 angustiae
827 3280 855 3330 et
871 3274 972 3344 ruinae,
996 3271 1068 3328 diem

100 3359 276 3416 tenebrarum
299 3368 327 3416 et
348 3361 481 3437 caliginis.
526 3361 593 3418 Post
615 3360 680 3416 baec
702 3365 791 3414 autern
814 3357 890 3432 (quid
913 3359 985 3414 enim
1008 3355 1070 3430 plu·

102 3443 179 3501 ribus
202 3451 314 3520 oportet
339 3446 447 3520 singula
474 3461 568 3502 eorum
591 3459 752 3519 percensere
775 3459 844 3516 quae
864 3442 997 3516 primariis
1020 3457 1070 3497 ur·

102 3529 145 3586 bis
174 3531 238 3586 viris
268 3545 398 3604 evenere,
428 3531 588 3605 praesertim
619 3545 681 3609 cum
714 3527 824 3584 auribus
849 3528 931 3602 ipsis,
967 3523 1067 3581 nedum
