<?xml version="1.0" encoding="UTF-8"?>
<!DOCTYPE html PUBLIC "-//W3C//DTD XHTML 1.0 Transitional//EN"
    "http://www.w3.org/TR/xhtml1/DTD/xhtml1-transitional.dtd">
<html xmlns="http://www.w3.org/1999/xhtml" xml:lang="en" lang="en">
 <head>
  <title>
</title>
<meta http-equiv="Content-Type" content="text/html;charset=utf-8" />
  <meta name='ocr-system' content='tesseract 3.04.00' />
  <meta name='ocr-capabilities' content='ocr_page ocr_carea ocr_par ocr_line ocrx_word'/>
</head>
<body>
  <div class='ocr_page' id='page_1' title='image "./iannoutouznapae00canggoog_0258.png"; bbox 0 0 2554 3842; ppageno 0'>
   <div class='ocr_carea' id='block_1_1' title="bbox 182 189 767 245">
    <p class='ocr_par' dir='ltr' id='par_1_1' title="bbox 182 189 767 245">
     <span class='ocr_line' id='line_1_1' title="bbox 182 189 767 245; baseline -0.003 -1"><span class='ocrx_word' id='word_1_1' title='bbox 182 191 347 245; x_wconf 83' lang='lat' dir='ltr'>CCXLVIII</span> <span class='ocrx_word' id='word_1_2' title='bbox 546 189 595 240; x_wconf 79' lang='lat' dir='ltr'><strong><em>AD</em></strong></span> <span class='ocrx_word' id='word_1_3' title='bbox 613 189 696 243; x_wconf 81' lang='lat' dir='ltr'><strong>VOL.</strong></span> <span class='ocrx_word' id='word_1_4' title='bbox 716 190 767 244; x_wconf 93' lang='lat'><strong><em>111</em></strong></span> 
     </span>
    </p>
   </div>
   <div class='ocr_carea' id='block_1_2' title="bbox 180 318 1148 1106">
    <p class='ocr_par' dir='ltr' id='par_1_2' title="bbox 181 318 1147 577">
     <span class='ocr_line' id='line_1_2' title="bbox 244 318 1147 430; baseline 0 -42"><span class='ocrx_word' id='word_1_5' title='bbox 244 325 318 398; x_wconf 93' lang='grc'>260,</span> <span class='ocrx_word' id='word_1_6' title='bbox 341 325 362 390; x_wconf 84' lang='grc'>5</span> <span class='ocrx_word' id='word_1_7' title='bbox 377 326 515 430; x_wconf 78' lang='grc' dir='ltr'><strong><em>σωτῆρος</em></strong></span> <span class='ocrx_word' id='word_1_8' title='bbox 530 323 665 406; x_wconf 79' lang='grc' dir='ltr'><strong>χριστοῦ]</strong></span> <span class='ocrx_word' id='word_1_9' title='bbox 683 325 813 405; x_wconf 76' lang='grc' dir='ltr'><strong><em>σωτῆρος</em></strong></span> <span class='ocrx_word' id='word_1_10' title='bbox 900 318 1064 387; x_wconf 74' lang='grc' dir='ltr'><strong><em>λὲκοίκωσε</em></strong></span> <span class='ocrx_word' id='word_1_11' title='bbox 1080 325 1147 408; x_wconf 89' lang='grc' dir='ltr'><strong><em>και]</em></strong></span> 
     </span>
     <span class='ocr_line' id='line_1_3' title="bbox 183 405 1148 516; baseline -0.002 -42"><span class='ocrx_word' id='word_1_12' title='bbox 183 435 239 476; x_wconf 88' lang='lat' dir='ltr'><strong><em>om.</em></strong></span> <span class='ocrx_word' id='word_1_13' title='bbox 313 417 351 474; x_wconf 86' lang='grc'><strong><em>17</em></strong></span> <span class='ocrx_word' id='word_1_14' title='bbox 368 405 578 516; x_wconf 77' lang='grc' dir='ltr'><strong><em>ύπεραρίσθη]</em></strong></span> <span class='ocrx_word' id='word_1_15' title='bbox 593 411 780 489; x_wconf 82' lang='grc' dir='ltr'><strong><em>περιαρίσθιχ</em></strong></span> <span class='ocrx_word' id='word_1_16' title='bbox 855 413 894 472; x_wconf 90' lang='grc'><strong><em>22</em></strong></span> <span class='ocrx_word' id='word_1_17' title='bbox 911 409 1051 492; x_wconf 77' lang='grc' dir='ltr'><strong><em>λιχίζεται]</em></strong></span> <span class='ocrx_word' id='word_1_18' title='bbox 1068 407 1148 488; x_wconf 59' lang='lat' dir='ltr'><strong><em>{Int-</em></strong></span> 
     </span>
     <span class='ocr_line' id='line_1_4' title="bbox 181 493 1013 598; baseline -0.001 -40"><span class='ocrx_word' id='word_1_19' title='bbox 181 516 253 559; x_wconf 90' lang='grc' dir='ltr'><strong><em>σατο</em></strong></span> <span class='ocrx_word' id='word_1_20' title='bbox 339 501 380 560; x_wconf 92' lang='grc'><strong><em>24</em></strong></span> <span class='ocrx_word' id='word_1_21' title='bbox 398 493 587 598; x_wconf 82' lang='grc' dir='ltr'><strong><em>Θεοδὲριχος]</em></strong></span> <span class='ocrx_word' id='word_1_22' title='bbox 609 494 793 575; x_wconf 79' lang='grc' dir='ltr'><strong><em>θευδίριχος,</em></strong></span> <span class='ocrx_word' id='word_1_23' title='bbox 816 503 880 557; x_wconf 74' lang='lat' dir='ltr'><strong>ilem</strong></span> <span class='ocrx_word' id='word_1_24' title='bbox 897 498 969 572; x_wconf 92' lang='grc'>261,</span> <span class='ocrx_word' id='word_1_25' title='bbox 987 499 1013 557; x_wconf 94' lang='grc'><strong><em>1.</em></strong></span> 
     </span>
    </p>

    <p class='ocr_par' dir='ltr' id='par_1_3' title="bbox 180 571 1147 834">
     <span class='ocr_line' id='line_1_5' title="bbox 245 571 1147 682; baseline -0.005 -38"><span class='ocrx_word' id='word_1_26' title='bbox 245 580 317 654; x_wconf 92' lang='grc'>261,</span> <span class='ocrx_word' id='word_1_27' title='bbox 340 579 435 646; x_wconf 62' lang='lat' dir='ltr'><strong><em>baaz</em></strong></span> <span class='ocrx_word' id='word_1_28' title='bbox 449 574 544 663; x_wconf 83' lang='grc' dir='ltr'><strong><em>τδ]</em></strong></span> <span class='ocrx_word' id='word_1_29' title='bbox 514 603 547 644; x_wconf 90' lang='grc' dir='ltr'><strong><em>το</em></strong></span> <span class='ocrx_word' id='word_1_30' title='bbox 616 583 656 642; x_wconf 92' lang='grc'><strong><em>14</em></strong></span> <span class='ocrx_word' id='word_1_31' title='bbox 662 571 849 681; x_wconf 78' lang='grc' dir='ltr'><strong><em>ἕποίρχου]</em></strong></span> <span class='ocrx_word' id='word_1_32' title='bbox 831 576 967 682; x_wconf 85' lang='grc' dir='ltr'><strong><em>υπύρχου</em></strong></span> <span class='ocrx_word' id='word_1_33' title='bbox 1039 574 1114 642; x_wconf 77' lang='grc'>16”</span> <span class='ocrx_word' id='word_1_34' title='bbox 1094 602 1147 658; x_wconf 83' lang='grc' dir='ltr'><strong><em>ιχν-</em></strong></span> 
     </span>
     <span class='ocr_line' id='line_1_6' title="bbox 180 657 1146 768; baseline -0.001 -40"><span class='ocrx_word' id='word_1_35' title='bbox 180 673 231 729; x_wconf 80' lang='grc' dir='ltr'><strong><em>6ει</em></strong></span> <span class='ocrx_word' id='word_1_36' title='bbox 245 667 311 749; x_wconf 83' lang='grc' dir='ltr'><strong><em>καὶ]</em></strong></span> <span class='ocrx_word' id='word_1_37' title='bbox 327 661 420 748; x_wconf 79' lang='grc' dir='ltr'><strong><em>η’νθει</em></strong></span> <span class='ocrx_word' id='word_1_38' title='bbox 507 671 545 729; x_wconf 81' lang='grc'><strong><em>17</em></strong></span> <span class='ocrx_word' id='word_1_39' title='bbox 570 661 603 725; x_wconf 81' lang='grc' dir='ltr'><strong><em>ἐν</em></strong></span> <span class='ocrx_word' id='word_1_40' title='bbox 617 662 732 739; x_wconf 78' lang='grc' dir='ltr'><strong><em>τούτοις</em></strong></span> <span class='ocrx_word' id='word_1_41' title='bbox 746 660 925 747; x_wconf 75' lang='grc' dir='ltr'><strong><em>περιβοήτου</em></strong></span> <span class='ocrx_word' id='word_1_42' title='bbox 936 657 1146 768; x_wconf 79' lang='grc' dir='ltr'><strong><em>Ἀρχιμήδους]</em></strong></span> 
     </span>
     <span class='ocr_line' id='line_1_7' title="bbox 180 741 1148 834; baseline -0.005 -20"><span class='ocrx_word' id='word_1_43' title='bbox 180 749 397 834; x_wconf 78' lang='grc' dir='ltr'><strong><em>περιβοήτουί</em></strong></span> <span class='ocrx_word' id='word_1_44' title='bbox 397 777 416 814; x_wconf 90' lang='grc' dir='ltr'><strong><em>ν</em></strong></span> <span class='ocrx_word' id='word_1_45' title='bbox 436 744 553 824; x_wconf 88' lang='grc' dir='ltr'><strong><em>τούτοις</em></strong></span> <span class='ocrx_word' id='word_1_46' title='bbox 571 741 741 829; x_wconf 79' lang='grc' dir='ltr'><strong><em>σἰρχιμήδου</em></strong></span> <span class='ocrx_word' id='word_1_47' title='bbox 829 755 866 814; x_wconf 91' lang='grc'><strong><em>19</em></strong></span> <span class='ocrx_word' id='word_1_48' title='bbox 881 748 1076 834; x_wconf 85' lang='grc' dir='ltr'><strong><em>πολεμίων]’</em></strong></span> <span class='ocrx_word' id='word_1_49' title='bbox 1061 771 1148 810; x_wconf 90' lang='grc' dir='ltr'><strong><em>εναν-</em></strong></span> 
     </span>
    </p>

    <p class='ocr_par' dir='ltr' id='par_1_4' title="bbox 180 829 1148 1088">
     <span class='ocr_line' id='line_1_8' title="bbox 181 829 1148 934; baseline -0.002 -34.966"><span class='ocrx_word' id='word_1_50' title='bbox 181 839 253 899; x_wconf 84' lang='grc' dir='ltr'><strong><em>τίαν</em></strong></span> <span class='ocrx_word' id='word_1_51' title='bbox 339 841 381 901; x_wconf 90' lang='grc'><strong><em>20</em></strong></span> <span class='ocrx_word' id='word_1_52' title='bbox 402 829 577 934; x_wconf 87' lang='grc' dir='ltr'><strong><em>πυροφόρα]</em></strong></span> <span class='ocrx_word' id='word_1_53' title='bbox 599 831 741 916; x_wconf 83' lang='grc' dir='ltr'><strong><em>πυρφόρα</em></strong></span> <span class='ocrx_word' id='word_1_54' title='bbox 832 839 872 896; x_wconf 89' lang='grc'><strong><em>21</em></strong></span> <span class='ocrx_word' id='word_1_55' title='bbox 899 833 932 896; x_wconf 77' lang='grc' dir='ltr'><strong><em>ἐκ</em></strong></span> <span class='ocrx_word' id='word_1_56' title='bbox 957 839 1010 896; x_wconf 85' lang='grc' dir='ltr'><strong><em>τοῦ</em></strong></span> <span class='ocrx_word' id='word_1_57' title='bbox 1034 835 1148 915; x_wconf 84' lang='grc' dir='ltr'><strong><em>τείχους</em></strong></span> 
     </span>
     <span class='ocr_line' id='line_1_9' title="bbox 182 915 1147 1023; baseline -0.003 -40"><span class='ocrx_word' id='word_1_58' title='bbox 182 921 289 1004; x_wconf 84' lang='grc' dir='ltr'><strong><em>ταῦτα]</em></strong></span> <span class='ocrx_word' id='word_1_59' title='bbox 312 929 407 983; x_wconf 83' lang='grc' dir='ltr'><strong><em>ταῦτα</em></strong></span> <span class='ocrx_word' id='word_1_60' title='bbox 429 918 461 981; x_wconf 77' lang='grc' dir='ltr'><strong><em>ἐκ</em></strong></span> <span class='ocrx_word' id='word_1_61' title='bbox 486 921 541 981; x_wconf 83' lang='grc' dir='ltr'><strong><em>τοῦ</em></strong></span> <span class='ocrx_word' id='word_1_62' title='bbox 566 920 680 1000; x_wconf 78' lang='grc' dir='ltr'><strong><em>τείχους</em></strong></span> <span class='ocrx_word' id='word_1_63' title='bbox 765 915 956 1023; x_wconf 79' lang='grc' dir='ltr'><strong><em>οἶπμιαρῆσαι</em></strong></span> <span class='ocrx_word' id='word_1_64' title='bbox 981 942 1042 982; x_wconf 87' lang='grc' dir='ltr'><strong><em>ταν</em></strong></span> <span class='ocrx_word' id='word_1_65' title='bbox 1062 925 1147 981; x_wconf 78' lang='grc' dir='ltr'><strong><em>πολε·</em></strong></span> 
     </span>
     <span class='ocr_line' id='line_1_10' title="bbox 180 1001 1145 1106; baseline -0.004 -36"><span class='ocrx_word' id='word_1_66' title='bbox 180 1007 259 1087; x_wconf 82' lang='grc' dir='ltr'><strong><em>μίτον</em></strong></span> <span class='ocrx_word' id='word_1_67' title='bbox 274 1009 352 1068; x_wconf 79' lang='grc' dir='ltr'><strong><em>νεῶν</em></strong></span> <span class='ocrx_word' id='word_1_68' title='bbox 367 1004 538 1104; x_wconf 83' lang='grc' dir='ltr'><strong><em>κατέναντι]</em></strong></span> <span class='ocrx_word' id='word_1_69' title='bbox 560 1006 620 1104; x_wconf 81' lang='grc' dir='ltr'><strong><em>τὼμ</em></strong></span> <span class='ocrx_word' id='word_1_70' title='bbox 634 1007 782 1084; x_wconf 86' lang='grc' dir='ltr'><strong><em>πολεμίων</em></strong></span> <span class='ocrx_word' id='word_1_71' title='bbox 797 1027 874 1068; x_wconf 89' lang='grc' dir='ltr'><strong><em>νεοον</em></strong></span> <span class='ocrx_word' id='word_1_72' title='bbox 888 1001 1077 1106; x_wconf 83' lang='grc' dir='ltr'><strong><em>ἆπαιαρῆσαι</em></strong></span> <span class='ocrx_word' id='word_1_73' title='bbox 1092 1029 1145 1066; x_wconf 92' lang='grc' dir='ltr'><strong><em>κα-</em></strong></span> 
     </span>
    </p>
   </div>
   <div class='ocr_carea' id='block_1_3' title="bbox 180 1083 1271 1275">
    <p class='ocr_par' dir='ltr' id='par_1_5' title="bbox 180 1083 1271 1258">
     <span class='ocr_line' id='line_1_11' title="bbox 180 1083 1271 1198; baseline -0.003 -44.95"><span class='ocrx_word' id='word_1_74' title='bbox 180 1090 299 1154; x_wconf 83' lang='grc' dir='ltr'><strong><em>τένοντι</em></strong></span> <span class='ocrx_word' id='word_1_75' title='bbox 353 1095 392 1153; x_wconf 89' lang='grc'><strong><em>22</em></strong></span> <span class='ocrx_word' id='word_1_76' title='bbox 408 1084 539 1198; x_wconf 83' lang='grc' dir='ltr'><strong><em>τούτοις]</em></strong></span> <span class='ocrx_word' id='word_1_77' title='bbox 554 1083 669 1198; x_wconf 81' lang='grc' dir='ltr'><strong><em>τρύτοις</em></strong></span> <span class='ocrx_word' id='word_1_78' title='bbox 684 1089 716 1153; x_wconf 80' lang='grc' dir='ltr'><strong><em>δὲ</em></strong></span> <span class='ocrx_word' id='word_1_79' title='bbox 771 1095 811 1155; x_wconf 88' lang='grc'><strong><em>23</em></strong></span> <span class='ocrx_word' id='word_1_80' title='bbox 827 1084 973 1190; x_wconf 78' lang='grc' dir='ltr'><strong><em>ἡλιακαν]</em></strong></span> <span class='ocrx_word' id='word_1_81' title='bbox 989 1112 1043 1152; x_wconf 91' lang='grc' dir='ltr'><strong><em>του</em></strong></span> <span class='ocrx_word' id='word_1_82' title='bbox 1030 1084 1151 1198; x_wconf 76' lang='grc' dir='ltr'><strong><em>ἡλίομ</em></strong></span> <span class='ocrx_word' id='word_1_83' title='bbox 1269 1129 1271 1150; x_wconf 59' lang='lat'><strong><em>2</em></strong></span> 
     </span>
     <span class='ocr_line' id='line_1_12' title="bbox 181 1166 1271 1275; baseline -0.005 -35"><span class='ocrx_word' id='word_1_84' title='bbox 181 1182 223 1242; x_wconf 88' lang='lat'><strong><em>30</em></strong></span> <span class='ocrx_word' id='word_1_85' title='bbox 237 1168 290 1237; x_wconf 87' lang='grc' dir='ltr'><strong><em>τδν</em></strong></span> <span class='ocrx_word' id='word_1_86' title='bbox 305 1175 469 1275; x_wconf 81' lang='grc' dir='ltr'><strong><em>λοχοθὲτιχν</em></strong></span> <span class='ocrx_word' id='word_1_87' title='bbox 490 1175 541 1236; x_wconf 85' lang='grc' dir='ltr'><strong><em>καὶ</em></strong></span> <span class='ocrx_word' id='word_1_88' title='bbox 557 1166 609 1236; x_wconf 87' lang='grc' dir='ltr'><strong><em>τὸν</em></strong></span> <span class='ocrx_word' id='word_1_89' title='bbox 623 1175 752 1256; x_wconf 75' lang='grc' dir='ltr'><strong><em>ἔπαρχον</em></strong></span> <span class='ocrx_word' id='word_1_90' title='bbox 774 1167 867 1274; x_wconf 72' lang='grc' dir='ltr'><strong><em>εἰς</em></strong></span> <span class='ocrx_word' id='word_1_91' title='bbox 835 1198 890 1253; x_wconf 83' lang='grc' dir='ltr'><strong><em>την</em></strong></span> <span class='ocrx_word' id='word_1_92' title='bbox 912 1174 1134 1258; x_wconf 78' lang='grc' dir='ltr'><strong><em>ἕκκλιχσίαν]’</em></strong></span> <span class='ocrx_word' id='word_1_93' title='bbox 1106 1197 1149 1248; x_wconf 88' lang='grc' dir='ltr'><strong><em>εις</em></strong></span> <span class='ocrx_word' id='word_1_94' title='bbox 1270 1247 1271 1254; x_wconf 17' lang='grc' dir='ltr'><strong><em>ρ</em></strong></span> 
     </span>
    </p>
   </div>
   <div class='ocr_carea' id='block_1_4' title="bbox 180 1253 991 1341">
    <p class='ocr_par' dir='ltr' id='par_1_6' title="bbox 180 1253 991 1341">
     <span class='ocr_line' id='line_1_13' title="bbox 180 1253 991 1341; baseline -0.001 -20"><span class='ocrx_word' id='word_1_95' title='bbox 180 1256 236 1340; x_wconf 78' lang='grc' dir='ltr'><strong><em>τὴν</em></strong></span> <span class='ocrx_word' id='word_1_96' title='bbox 251 1253 456 1339; x_wconf 77' lang='grc' dir='ltr'><strong><em>ἐκκλησίαν</em></strong></span> <span class='ocrx_word' id='word_1_97' title='bbox 426 1283 479 1322; x_wconf 93' lang='grc' dir='ltr'><strong><em>τον</em></strong></span> <span class='ocrx_word' id='word_1_98' title='bbox 493 1258 659 1340; x_wconf 76' lang='grc' dir='ltr'><strong><em>λοχοθίτιχν</em></strong></span> <span class='ocrx_word' id='word_1_99' title='bbox 673 1283 704 1322; x_wconf 91' lang='grc' dir='ltr'><strong><em>τε</em></strong></span> <span class='ocrx_word' id='word_1_100' title='bbox 719 1259 769 1324; x_wconf 84' lang='grc' dir='ltr'><strong><em>καὶ</em></strong></span> <span class='ocrx_word' id='word_1_101' title='bbox 786 1254 837 1322; x_wconf 81' lang='grc' dir='ltr'><strong><em>τὸν</em></strong></span> <span class='ocrx_word' id='word_1_102' title='bbox 852 1260 991 1341; x_wconf 73' lang='grc' dir='ltr'><strong><em>ἔπαρχον.</em></strong></span> 
     </span>
    </p>
   </div>
   <div class='ocr_carea' id='block_1_5' title="bbox 156 1335 1272 1452">
    <p class='ocr_par' dir='ltr' id='par_1_7' title="bbox 156 1335 1272 1452">
     <span class='ocr_line' id='line_1_14' title="bbox 156 1335 1272 1452; baseline -0.015 -41"><span class='ocrx_word' id='word_1_103' title='bbox 156 1393 158 1398; x_wconf 90' lang='grc'>-</span> <span class='ocrx_word' id='word_1_104' title='bbox 243 1341 318 1424; x_wconf 87' lang='grc'>262,</span> <span class='ocrx_word' id='word_1_105' title='bbox 340 1345 475 1410; x_wconf 75' lang='grc' dir='ltr'><strong><em>Ἰοῖκοον</em></strong></span> <span class='ocrx_word' id='word_1_106' title='bbox 489 1342 617 1452; x_wconf 76' lang='grc' dir='ltr'><strong><em>ἐπῆλθε]</em></strong></span> <span class='ocrx_word' id='word_1_107' title='bbox 633 1345 738 1408; x_wconf 87' lang='grc' dir='ltr'><strong><em>οίκϊοον</em></strong></span> <span class='ocrx_word' id='word_1_108' title='bbox 752 1343 887 1423; x_wconf 80' lang='grc' dir='ltr'><strong><em>ἐπῆλθον</em></strong></span> <span class='ocrx_word' id='word_1_109' title='bbox 972 1341 1075 1418; x_wconf 79' lang='grc' dir='ltr'><strong><em>8τούς</em></strong></span> <span class='ocrx_word' id='word_1_110' title='bbox 1090 1343 1147 1422; x_wconf 71' lang='grc' dir='ltr'><strong><em>μὲν</em></strong></span> <span class='ocrx_word' id='word_1_111' title='bbox 1270 1335 1272 1382; x_wconf 55' lang='lat'><em>³</em></span> 
     </span>
    </p>
   </div>
   <div class='ocr_carea' id='block_1_6' title="bbox 180 1425 1147 1654">
    <p class='ocr_par' dir='ltr' id='par_1_8' title="bbox 180 1425 1131 1654">
     <span class='ocr_line' id='line_1_15' title="bbox 180 1425 1093 1539; baseline 0.002 -47"><span class='ocrx_word' id='word_1_112' title='bbox 180 1429 470 1539; x_wconf 81' lang='grc' dir='ltr'><strong><em>κατηρείπασμν]</em></strong></span> <span class='ocrx_word' id='word_1_113' title='bbox 437 1455 491 1504; x_wconf 90' lang='grc' dir='ltr'><strong><em>τας</em></strong></span> <span class='ocrx_word' id='word_1_114' title='bbox 504 1428 561 1508; x_wconf 81' lang='grc' dir='ltr'><strong><em>μὲν</em></strong></span> <span class='ocrx_word' id='word_1_115' title='bbox 575 1425 769 1515; x_wconf 73' lang='grc' dir='ltr'><strong><em>καθῃρήκασι</em></strong></span> <span class='ocrx_word' id='word_1_116' title='bbox 854 1427 1025 1512; x_wconf 85' lang='grc' dir='ltr'><strong><em>αὑτοῖς]’</em></strong></span> <span class='ocrx_word' id='word_1_117' title='bbox 986 1436 1093 1504; x_wconf 85' lang='grc' dir='ltr'><strong><em>αυταίς</em></strong></span> 
     </span>
     <span class='ocr_line' id='line_1_16' title="bbox 182 1491 1147 1654; baseline -0.002 -76"><span class='ocrx_word' id='word_1_118' title='bbox 182 1516 374 1600; x_wconf 84' lang='grc' dir='ltr'><strong><em>οίκοῦντα]”</em></strong></span> <span class='ocrx_word' id='word_1_119' title='bbox 355 1539 430 1579; x_wconf 87' lang='grc' dir='ltr'><strong><em>οντα</em></strong></span> <span class='ocrx_word' id='word_1_120' title='bbox 503 1521 542 1580; x_wconf 88' lang='grc'><strong><em>16</em></strong></span> <span class='ocrx_word' id='word_1_121' title='bbox 559 1491 765 1598; x_wconf 79' lang='grc' dir='ltr'><strong><em>Ξυλοκίρκου]</em></strong></span> <span class='ocrx_word' id='word_1_122' title='bbox 782 1514 961 1654; x_wconf 70' lang='grc' dir='ltr'><strong><em>ξηροκέρκορ</em></strong></span> <span class='ocrx_word' id='word_1_123' title='bbox 1033 1519 1069 1576; x_wconf 89' lang='grc'><strong><em>21</em></strong></span> <span class='ocrx_word' id='word_1_124' title='bbox 1088 1511 1147 1592; x_wconf 87' lang='grc' dir='ltr'><strong><em>φύ-</em></strong></span> 
     </span>
    </p>
   </div>
   <div class='ocr_carea' id='block_1_7' title="bbox 181 1597 1147 1814">
    <p class='ocr_par' dir='ltr' id='par_1_9' title="bbox 181 1597 1147 1814">
     <span class='ocr_line' id='line_1_17' title="bbox 181 1597 1147 1814; baseline -0.004 -84"><span class='ocrx_word' id='word_1_125' title='bbox 181 1669 303 1814; x_wconf 86' lang='grc' dir='ltr'><strong><em>λαρχος]</em></strong></span> <span class='ocrx_word' id='word_1_126' title='bbox 320 1672 466 1814; x_wconf 82' lang='grc' dir='ltr'><strong><em>φίλαρχος</em></strong></span> <span class='ocrx_word' id='word_1_127' title='bbox 480 1683 508 1732; x_wconf 79' lang='grc' dir='ltr'><strong><em>ει</em></strong></span> <span class='ocrx_word' id='word_1_128' title='bbox 523 1675 555 1730; x_wconf 85' lang='grc' dir='ltr'><strong><em>οδ</em></strong></span> <span class='ocrx_word' id='word_1_129' title='bbox 570 1690 657 1748; x_wconf 79' lang='lat' dir='ltr'><strong>marg.</strong></span> <span class='ocrx_word' id='word_1_130' title='bbox 672 1673 754 1731; x_wconf 78' lang='lat' dir='ltr'><strong>inser.</strong></span> <span class='ocrx_word' id='word_1_131' title='bbox 766 1674 819 1731; x_wconf 79' lang='lat' dir='ltr'><strong>litt.</strong></span> <span class='ocrx_word' id='word_1_132' title='bbox 835 1673 910 1730; x_wconf 83' lang='lat' dir='ltr'><strong>rubr.</strong></span> <span class='ocrx_word' id='word_1_133' title='bbox 929 1692 951 1730; x_wconf 94' lang='grc' dir='ltr'><strong><em>π</em></strong></span> <span class='ocrx_word' id='word_1_134' title='bbox 962 1597 1147 1746; x_wconf 51' lang='grc' dir='ltr'><strong><em>ἆλαμουνοῗδχ</em></strong></span> 
     </span>
    </p>
   </div>
   <div class='ocr_carea' id='block_1_8' title="bbox 180 1748 1273 1838">
    <p class='ocr_par' dir='ltr' id='par_1_10' title="bbox 180 1748 1273 1838">
     <span class='ocr_line' id='line_1_18' title="bbox 180 1748 1273 1838; baseline -0.005 -21.859"><span class='ocrx_word' id='word_1_135' title='bbox 180 1752 236 1838; x_wconf 79' lang='grc' dir='ltr'><strong><em>ξίν]</em></strong></span> <span class='ocrx_word' id='word_1_136' title='bbox 280 1761 320 1818; x_wconf 90' lang='grc'><strong><em>23</em></strong></span> <span class='ocrx_word' id='word_1_137' title='bbox 335 1755 450 1816; x_wconf 81' lang='grc' dir='ltr'><strong><em>οἰκείαν</em></strong></span> <span class='ocrx_word' id='word_1_138' title='bbox 464 1753 580 1832; x_wconf 80' lang='grc' dir='ltr'><strong><em>αἵρεσιν</em></strong></span> <span class='ocrx_word' id='word_1_139' title='bbox 589 1748 788 1834; x_wconf 76' lang='grc' dir='ltr'><strong><em>μεθελκύσαι]</em></strong></span> <span class='ocrx_word' id='word_1_140' title='bbox 804 1751 885 1814; x_wconf 78' lang='grc' dir='ltr'><strong><em>ἰδίαν</em></strong></span> <span class='ocrx_word' id='word_1_141' title='bbox 899 1754 1014 1836; x_wconf 84' lang='grc' dir='ltr'><strong><em>αιρεσιν</em></strong></span> <span class='ocrx_word' id='word_1_142' title='bbox 1027 1749 1148 1814; x_wconf 72' lang='grc' dir='ltr'><strong><em>ἑλκύσαι</em></strong></span> <span class='ocrx_word' id='word_1_143' title='bbox 1269 1763 1273 1790; x_wconf 81' lang='lat'><strong>¹</strong></span> 
     </span>
    </p>
   </div>
   <div class='ocr_carea' id='block_1_9' title="bbox 182 1837 636 1940">
    <p class='ocr_par' dir='ltr' id='par_1_11' title="bbox 182 1837 636 1940">
     <span class='ocr_line' id='line_1_19' title="bbox 182 1837 636 1940; baseline -0.009 -39"><span class='ocrx_word' id='word_1_144' title='bbox 182 1843 220 1901; x_wconf 81' lang='grc'><strong><em>27</em></strong></span> <span class='ocrx_word' id='word_1_145' title='bbox 237 1840 343 1917; x_wconf 89' lang='grc' dir='ltr'><strong><em>κυρίου</em></strong></span> <span class='ocrx_word' id='word_1_146' title='bbox 358 1837 505 1940; x_wconf 81' lang='grc' dir='ltr'><strong><em>Χριστοῦ]</em></strong></span> <span class='ocrx_word' id='word_1_147' title='bbox 521 1839 636 1937; x_wconf 86' lang='grc' dir='ltr'><strong><em>κυρίου.</em></strong></span> 
     </span>
    </p>
   </div>
   <div class='ocr_carea' id='block_1_10' title="bbox 243 1913 1274 2006">
    <p class='ocr_par' dir='ltr' id='par_1_12' title="bbox 243 1913 1274 2006">
     <span class='ocr_line' id='line_1_20' title="bbox 243 1913 1274 2006; baseline -0.006 -20"><span class='ocrx_word' id='word_1_148' title='bbox 243 1921 316 1996; x_wconf 88' lang='grc'>263,</span> <span class='ocrx_word' id='word_1_149' title='bbox 332 1916 456 2000; x_wconf 87' lang='grc' dir='ltr'><strong><em>Ῑύπεκρ</em></strong></span> <span class='ocrx_word' id='word_1_150' title='bbox 459 1925 540 1984; x_wconf 90' lang='grc' dir='ltr'><strong><em>ίνατο</em></strong></span> <span class='ocrx_word' id='word_1_151' title='bbox 549 1945 600 1983; x_wconf 90' lang='grc' dir='ltr'><strong><em>τον</em></strong></span> <span class='ocrx_word' id='word_1_152' title='bbox 611 1918 812 2006; x_wconf 87' lang='grc' dir='ltr'><strong><em>λυπούμενον]</em></strong></span> <span class='ocrx_word' id='word_1_153' title='bbox 825 1927 985 1984; x_wconf 78' lang='grc' dir='ltr'><strong><em>λυπεῖσθαι</em></strong></span> <span class='ocrx_word' id='word_1_154' title='bbox 994 1913 1149 2000; x_wconf 82' lang='grc' dir='ltr'><strong><em>ύπεκρίθιχ</em></strong></span> <span class='ocrx_word' id='word_1_155' title='bbox 1272 1953 1274 1996; x_wconf 68' lang='lat'>1</span> 
     </span>
    </p>
   </div>
   <div class='ocr_carea' id='block_1_11' title="bbox 179 1993 1145 2346">
    <p class='ocr_par' dir='ltr' id='par_1_13' title="bbox 179 1993 1145 2346">
     <span class='ocr_line' id='line_1_21' title="bbox 181 1993 1145 2110; baseline 0 -40"><span class='ocrx_word' id='word_1_156' title='bbox 181 2012 200 2070; x_wconf 91' lang='grc'>3</span> <span class='ocrx_word' id='word_1_157' title='bbox 217 2005 275 2086; x_wconf 75' lang='grc' dir='ltr'><strong><em>ἔφη</em></strong></span> <span class='ocrx_word' id='word_1_158' title='bbox 290 1993 417 2092; x_wconf 74' lang='grc' dir='ltr'><strong><em>ἐκεῖνος]</em></strong></span> <span class='ocrx_word' id='word_1_159' title='bbox 439 2007 551 2082; x_wconf 76' lang='grc' dir='ltr'><strong><em>ἐκεῖνος</em></strong></span> <span class='ocrx_word' id='word_1_160' title='bbox 572 2005 669 2108; x_wconf 75' lang='grc' dir='ltr'><strong><em>ίφιχ</em></strong></span> <span class='ocrx_word' id='word_1_161' title='bbox 702 2010 727 2071; x_wconf 99' lang='grc'><strong>8</strong></span> <span class='ocrx_word' id='word_1_162' title='bbox 742 2013 945 2110; x_wconf 77' lang='grc' dir='ltr'><strong><em>συχκραθεισα</em></strong></span> <span class='ocrx_word' id='word_1_163' title='bbox 965 2007 1016 2068; x_wconf 86' lang='grc' dir='ltr'><strong><em>καί</em></strong></span> <span class='ocrx_word' id='word_1_164' title='bbox 1038 2027 1145 2088; x_wconf 78' lang='grc' dir='ltr'><strong><em>συγχυ-</em></strong></span> 
     </span>
     <span class='ocr_line' id='line_1_22' title="bbox 180 2084 1145 2194; baseline 0.002 -42"><span class='ocrx_word' id='word_1_165' title='bbox 180 2093 283 2194; x_wconf 80' lang='grc' dir='ltr'><strong><em>θεισα]</em></strong></span> <span class='ocrx_word' id='word_1_166' title='bbox 299 2099 503 2175; x_wconf 79' lang='grc' dir='ltr'><strong><em>συγκραθεῖσα</em></strong></span> <span class='ocrx_word' id='word_1_167' title='bbox 580 2097 620 2156; x_wconf 87' lang='grc'><strong><em>23</em></strong></span> <span class='ocrx_word' id='word_1_168' title='bbox 636 2084 691 2170; x_wconf 73' lang='grc' dir='ltr'><strong><em>τὴν</em></strong></span> <span class='ocrx_word' id='word_1_169' title='bbox 707 2088 785 2171; x_wconf 80' lang='grc' dir='ltr'><strong><em>ζαίχν</em></strong></span> <span class='ocrx_word' id='word_1_170' title='bbox 799 2091 1033 2194; x_wconf 89' lang='grc' dir='ltr'><strong><em>καταλύσαντος]</em></strong></span> <span class='ocrx_word' id='word_1_171' title='bbox 1050 2098 1145 2154; x_wconf 85' lang='grc' dir='ltr'><strong><em>τελευ-</em></strong></span> 
     </span>
     <span class='ocr_line' id='line_1_23' title="bbox 179 2172 1143 2260; baseline 0 -23"><span class='ocrx_word' id='word_1_172' title='bbox 179 2172 320 2256; x_wconf 73' lang='grc' dir='ltr'><strong><em>τήσαντος</em></strong></span> <span class='ocrx_word' id='word_1_173' title='bbox 406 2181 457 2258; x_wconf 82' lang='grc' dir='ltr'><strong><em>τῆς</em></strong></span> <span class='ocrx_word' id='word_1_174' title='bbox 472 2176 594 2256; x_wconf 81' lang='grc' dir='ltr'><strong><em>ἒκκλιχσί</em></strong></span> <span class='ocrx_word' id='word_1_175' title='bbox 591 2177 640 2260; x_wconf 91' lang='grc' dir='ltr'><strong><em>ας]</em></strong></span> <span class='ocrx_word' id='word_1_176' title='bbox 658 2200 711 2240; x_wconf 86' lang='lat' dir='ltr'><strong><em>om</em></strong></span> <span class='ocrx_word' id='word_1_177' title='bbox 799 2183 839 2242; x_wconf 88' lang='grc'><strong><em>25</em></strong></span> <span class='ocrx_word' id='word_1_178' title='bbox 856 2173 1007 2258; x_wconf 89' lang='grc' dir='ltr'><strong><em>ίοτύριχταί</em></strong></span> <span class='ocrx_word' id='word_1_179' title='bbox 1020 2199 1053 2258; x_wconf 80' lang='grc' dir='ltr'><strong><em>χε</em></strong></span> <span class='ocrx_word' id='word_1_180' title='bbox 1069 2172 1143 2260; x_wconf 77' lang='grc' dir='ltr'><strong><em>μὴν]</em></strong></span> 
     </span>
     <span class='ocr_line' id='line_1_24' title="bbox 182 2261 783 2346; baseline 0.002 -22.031"><span class='ocrx_word' id='word_1_181' title='bbox 182 2261 295 2344; x_wconf 77' lang='grc' dir='ltr'><strong><em>λέγεται</em></strong></span> <span class='ocrx_word' id='word_1_182' title='bbox 311 2261 342 2327; x_wconf 92' lang='grc' dir='ltr'><strong><em>δε</em></strong></span> <span class='ocrx_word' id='word_1_183' title='bbox 429 2269 470 2329; x_wconf 90' lang='grc'><strong><em>30</em></strong></span> <span class='ocrx_word' id='word_1_184' title='bbox 485 2263 615 2346; x_wconf 77' lang='grc' dir='ltr'><strong><em>ἵσταται]</em></strong></span> <span class='ocrx_word' id='word_1_185' title='bbox 633 2263 783 2325; x_wconf 76' lang='grc' dir='ltr'><strong><em>ἵστασθαι.</em></strong></span> 
     </span>
    </p>
   </div>
   <div class='ocr_carea' id='block_1_12' title="bbox 168 2360 1147 2643">
    <p class='ocr_par' dir='ltr' id='par_1_14' title="bbox 168 2360 1147 2620">
     <span class='ocr_line' id='line_1_25' title="bbox 244 2360 1147 2470; baseline -0.002 -42"><span class='ocrx_word' id='word_1_186' title='bbox 244 2363 324 2439; x_wconf 90' lang='grc'>264,</span> <span class='ocrx_word' id='word_1_187' title='bbox 347 2365 368 2430; x_wconf 85' lang='grc'>5</span> <span class='ocrx_word' id='word_1_188' title='bbox 389 2361 614 2470; x_wconf 82' lang='grc' dir='ltr'><strong><em>κατηναλοοντο]</em></strong></span> <span class='ocrx_word' id='word_1_189' title='bbox 636 2361 863 2444; x_wconf 80' lang='grc' dir='ltr'><strong><em>κατηνύλανται</em></strong></span> <span class='ocrx_word' id='word_1_190' title='bbox 950 2360 1055 2442; x_wconf 88' lang='grc' dir='ltr'><strong><em>9νιχδς</em></strong></span> <span class='ocrx_word' id='word_1_191' title='bbox 1073 2361 1147 2426; x_wconf 77' lang='grc' dir='ltr'><strong><em>ἐκεί·</em></strong></span> 
     </span>
     <span class='ocr_line' id='line_1_26' title="bbox 180 2447 1144 2553; baseline -0.002 -41"><span class='ocrx_word' id='word_1_192' title='bbox 180 2450 248 2533; x_wconf 85' lang='grc' dir='ltr'><strong><em>νης]</em></strong></span> <span class='ocrx_word' id='word_1_193' title='bbox 283 2453 393 2531; x_wconf 76' lang='grc' dir='ltr'><strong><em>χαλκῆς</em></strong></span> <span class='ocrx_word' id='word_1_194' title='bbox 422 2447 494 2530; x_wconf 78' lang='grc' dir='ltr'><strong><em>νηὸς</em></strong></span> <span class='ocrx_word' id='word_1_195' title='bbox 523 2449 638 2553; x_wconf 77' lang='grc' dir='ltr'><strong><em>ίκείνιχς</em></strong></span> <span class='ocrx_word' id='word_1_196' title='bbox 731 2457 771 2516; x_wconf 93' lang='grc'><strong><em>10</em></strong></span> <span class='ocrx_word' id='word_1_197' title='bbox 799 2447 889 2536; x_wconf 69' lang='grc' dir='ltr'><strong><em>αὐτῇ]</em></strong></span> <span class='ocrx_word' id='word_1_198' title='bbox 920 2449 1014 2528; x_wconf 88' lang='grc' dir='ltr'><strong><em>ταύτιχ</em></strong></span> <span class='ocrx_word' id='word_1_199' title='bbox 1107 2455 1144 2511; x_wconf 95' lang='grc'><strong><em>11</em></strong></span> 
     </span>
     <span class='ocr_line' id='line_1_27' title="bbox 168 2529 1145 2643; baseline -0.002 -47"><span class='ocrx_word' id='word_1_200' title='bbox 168 2533 465 2643; x_wconf 56' lang='grc' dir='ltr'><strong><em>,προσιχρμόσθιχσαν]</em></strong></span> <span class='ocrx_word' id='word_1_201' title='bbox 487 2534 745 2639; x_wconf 82' lang='grc' dir='ltr'><strong><em>συνηρμόσθιχσαν</em></strong></span> <span class='ocrx_word' id='word_1_202' title='bbox 833 2540 871 2598; x_wconf 87' lang='grc'><strong><em>13</em></strong></span> <span class='ocrx_word' id='word_1_203' title='bbox 887 2534 915 2595; x_wconf 86' lang='grc' dir='ltr'><strong><em>εί</em></strong></span> <span class='ocrx_word' id='word_1_204' title='bbox 937 2529 1077 2617; x_wconf 85' lang='grc' dir='ltr'><strong><em>τοῦτο]’</em></strong></span> <span class='ocrx_word' id='word_1_205' title='bbox 1061 2557 1145 2614; x_wconf 88' lang='grc' dir='ltr'><strong><em>ακρι-</em></strong></span> 
     </span>
    </p>
   </div>
   <div class='ocr_carea' id='block_1_13' title="bbox 179 2615 1274 2723">
    <p class='ocr_par' dir='ltr' id='par_1_15' title="bbox 179 2615 1274 2723">
     <span class='ocr_line' id='line_1_28' title="bbox 179 2615 1274 2723; baseline -0.003 -44"><span class='ocrx_word' id='word_1_206' title='bbox 179 2620 240 2698; x_wconf 69' lang='grc' dir='ltr'><strong><em>βοός</em></strong></span> <span class='ocrx_word' id='word_1_207' title='bbox 262 2620 289 2680; x_wconf 86' lang='grc' dir='ltr'><strong><em>εἰ</em></strong></span> <span class='ocrx_word' id='word_1_208' title='bbox 307 2623 395 2684; x_wconf 81' lang='grc' dir='ltr'><strong><em>τοῦτο</em></strong></span> <span class='ocrx_word' id='word_1_209' title='bbox 421 2617 461 2694; x_wconf 76' lang='grc' dir='ltr'><strong><em>ὡς</em></strong></span> <span class='ocrx_word' id='word_1_210' title='bbox 481 2615 603 2723; x_wconf 81' lang='grc' dir='ltr'><strong><em>ἆλιχθιδς</em></strong></span> <span class='ocrx_word' id='word_1_211' title='bbox 690 2626 729 2684; x_wconf 89' lang='grc'><strong><em>15</em></strong></span> <span class='ocrx_word' id='word_1_212' title='bbox 755 2619 851 2719; x_wconf 82' lang='grc' dir='ltr'><strong><em>νιχῶν]</em></strong></span> <span class='ocrx_word' id='word_1_213' title='bbox 879 2622 958 2680; x_wconf 79' lang='grc' dir='ltr'><strong><em>νεοῖν</em></strong></span> <span class='ocrx_word' id='word_1_214' title='bbox 1043 2617 1148 2700; x_wconf 74' lang='grc' dir='ltr'><strong><em>ἔτυχον</em></strong></span> <span class='ocrx_word' id='word_1_215' title='bbox 1272 2639 1274 2676; x_wconf 72' lang='grc'><strong>;</strong></span> 
     </span>
    </p>
   </div>
   <div class='ocr_carea' id='block_1_14' title="bbox 179 2695 1147 3551">
    <p class='ocr_par' dir='ltr' id='par_1_16' title="bbox 179 2695 1146 3044">
     <span class='ocr_line' id='line_1_29' title="bbox 180 2695 1144 2809; baseline 0 -45"><span class='ocrx_word' id='word_1_216' title='bbox 180 2703 260 2809; x_wconf 83' lang='grc' dir='ltr'><strong><em>τότε]</em></strong></span> <span class='ocrx_word' id='word_1_217' title='bbox 283 2698 366 2766; x_wconf 69' lang='grc' dir='ltr'><strong><em>ἔτι</em></strong></span> <span class='ocrx_word' id='word_1_218' title='bbox 345 2723 424 2784; x_wconf 92' lang='grc' dir='ltr'><strong><em>ιχσαν</em></strong></span> <span class='ocrx_word' id='word_1_219' title='bbox 510 2699 594 2770; x_wconf 91' lang='grc'><strong><em>20’</em></strong></span> <span class='ocrx_word' id='word_1_220' title='bbox 577 2727 670 2766; x_wconf 86' lang='grc' dir='ltr'><strong><em>ανεκα</em></strong></span> <span class='ocrx_word' id='word_1_221' title='bbox 671 2705 791 2808; x_wconf 87' lang='grc' dir='ltr'><strong><em>ίνιχσαν]</em></strong></span> <span class='ocrx_word' id='word_1_222' title='bbox 816 2695 1013 2766; x_wconf 82' lang='grc' dir='ltr'><strong><em>ύνεκαίνϊσαν</em></strong></span> <span class='ocrx_word' id='word_1_223' title='bbox 1106 2707 1144 2765; x_wconf 90' lang='grc'><strong><em>21</em></strong></span> 
     </span>
     <span class='ocr_line' id='line_1_30' title="bbox 179 2780 1145 2872; baseline 0 -23"><span class='ocrx_word' id='word_1_224' title='bbox 179 2785 275 2850; x_wconf 81' lang='grc' dir='ltr'><strong><em>αὐτοῦ</em></strong></span> <span class='ocrx_word' id='word_1_225' title='bbox 296 2812 312 2850; x_wconf 95' lang='grc' dir='ltr'><strong><em>ο</em></strong></span> <span class='ocrx_word' id='word_1_226' title='bbox 301 2780 484 2872; x_wconf 80' lang='grc' dir='ltr'><strong><em>βασιλεὺς]</em></strong></span> <span class='ocrx_word' id='word_1_227' title='bbox 506 2788 600 2851; x_wconf 81' lang='grc' dir='ltr'><strong><em>αὐτοῦ</em></strong></span> <span class='ocrx_word' id='word_1_228' title='bbox 687 2793 746 2853; x_wconf 91' lang='grc'><strong><em>23</em></strong></span> <span class='ocrx_word' id='word_1_229' title='bbox 748 2780 961 2852; x_wconf 85' lang='grc' dir='ltr'><strong><em>Ἰουστινιανδν</em></strong></span> <span class='ocrx_word' id='word_1_230' title='bbox 981 2781 1052 2861; x_wconf 77' lang='grc' dir='ltr'><strong><em>τοὺς</em></strong></span> <span class='ocrx_word' id='word_1_231' title='bbox 1073 2811 1145 2867; x_wconf 88' lang='grc' dir='ltr'><strong><em>μετα</em></strong></span> 
     </span>
     <span class='ocr_line' id='line_1_31' title="bbox 179 2864 1146 2981; baseline 0.001 -47"><span class='ocrx_word' id='word_1_232' title='bbox 179 2875 272 2935; x_wconf 78' lang='grc' dir='ltr'><strong><em>ταῦτα</em></strong></span> <span class='ocrx_word' id='word_1_233' title='bbox 286 2869 568 2981; x_wconf 81' lang='grc' dir='ltr'><strong><em>αύταρχήσαντμς]ί</em></strong></span> <span class='ocrx_word' id='word_1_234' title='bbox 568 2869 755 2936; x_wconf 84' lang='grc' dir='ltr'><strong><em>ονστινιανὸν</em></strong></span> <span class='ocrx_word' id='word_1_235' title='bbox 824 2880 863 2939; x_wconf 85' lang='grc'><strong><em>29</em></strong></span> <span class='ocrx_word' id='word_1_236' title='bbox 880 2866 986 2958; x_wconf 77' lang='grc' dir='ltr'><strong><em>αὖθις]</em></strong></span> <span class='ocrx_word' id='word_1_237' title='bbox 1003 2864 1098 2947; x_wconf 79' lang='grc' dir='ltr'><strong><em>αὖθις</em></strong></span> <span class='ocrx_word' id='word_1_238' title='bbox 1113 2871 1146 2935; x_wconf 73' lang='grc' dir='ltr'><strong><em>δὲ</em></strong></span> 
     </span>
     <span class='ocr_line' id='line_1_32' title="bbox 180 2954 573 3044; baseline -0.003 -22"><span class='ocrx_word' id='word_1_239' title='bbox 180 2963 221 3024; x_wconf 89' lang='grc'><strong><em>30</em></strong></span> <span class='ocrx_word' id='word_1_240' title='bbox 236 2954 386 3044; x_wconf 80' lang='grc' dir='ltr'><strong><em>ἐκείνος]’</em></strong></span> <span class='ocrx_word' id='word_1_241' title='bbox 379 2955 573 3034; x_wconf 85' lang='grc' dir='ltr'><strong><em>Αναστύσιος.</em></strong></span> 
     </span>
    </p>

    <p class='ocr_par' dir='ltr' id='par_1_17' title="bbox 179 3040 1147 3551">
     <span class='ocr_line' id='line_1_33' title="bbox 243 3040 1146 3154; baseline -0.002 -48"><span class='ocrx_word' id='word_1_242' title='bbox 243 3043 351 3117; x_wconf 82' lang='grc'>265,1</span> <span class='ocrx_word' id='word_1_243' title='bbox 368 3043 598 3127; x_wconf 82' lang='grc' dir='ltr'><strong><em>κεχριχσμωδοτ]</em></strong></span> <span class='ocrx_word' id='word_1_244' title='bbox 612 3043 788 3124; x_wconf 88' lang='grc' dir='ltr'><strong><em>κεχρησμοδ</em></strong></span> <span class='ocrx_word' id='word_1_245' title='bbox 832 3049 852 3106; x_wconf 90' lang='grc'>4</span> <span class='ocrx_word' id='word_1_246' title='bbox 867 3043 951 3126; x_wconf 88' lang='grc' dir='ltr'><strong><em>ποτε]</em></strong></span> <span class='ocrx_word' id='word_1_247' title='bbox 967 3066 1019 3105; x_wconf 89' lang='grc' dir='ltr'><strong><em>ποι</em></strong></span> <span class='ocrx_word' id='word_1_248' title='bbox 1062 3040 1146 3154; x_wconf 80' lang='grc' dir='ltr'><strong><em>ἕκριχ</em></strong></span> 
     </span>
     <span class='ocr_line' id='line_1_34' title="bbox 179 3127 1147 3212; baseline 0.003 -24"><span class='ocrx_word' id='word_1_249' title='bbox 179 3128 346 3212; x_wconf 80' lang='grc' dir='ltr'><strong><em>χνυμίνοτν]</em></strong></span> <span class='ocrx_word' id='word_1_250' title='bbox 363 3129 632 3212; x_wconf 80' lang='grc' dir='ltr'><strong><em>καταριχχνομίνοον</em></strong></span> <span class='ocrx_word' id='word_1_251' title='bbox 689 3135 707 3193; x_wconf 89' lang='grc'><strong>6</strong></span> <span class='ocrx_word' id='word_1_252' title='bbox 724 3127 756 3190; x_wconf 69' lang='grc' dir='ltr'><strong><em>ἐκ</em></strong></span> <span class='ocrx_word' id='word_1_253' title='bbox 772 3129 886 3208; x_wconf 77' lang='grc' dir='ltr'><strong><em>διαίτης</em></strong></span> <span class='ocrx_word' id='word_1_254' title='bbox 901 3129 941 3202; x_wconf 88' lang='grc' dir='ltr'><strong><em>είς</em></strong></span> <span class='ocrx_word' id='word_1_255' title='bbox 955 3127 1133 3211; x_wconf 88' lang='grc' dir='ltr'><strong><em>δίαιταν]’</em></strong></span> <span class='ocrx_word' id='word_1_256' title='bbox 1105 3150 1147 3201; x_wconf 84' lang='grc' dir='ltr'><strong><em>εις</em></strong></span> 
     </span>
     <span class='ocr_line' id='line_1_35' title="bbox 182 3209 1145 3316; baseline -0.002 -42"><span class='ocrx_word' id='word_1_257' title='bbox 182 3213 301 3276; x_wconf 91' lang='grc' dir='ltr'><strong><em>διαίταν</em></strong></span> <span class='ocrx_word' id='word_1_258' title='bbox 317 3213 349 3276; x_wconf 73' lang='grc' dir='ltr'><strong><em>ἐκ</em></strong></span> <span class='ocrx_word' id='word_1_259' title='bbox 364 3215 478 3296; x_wconf 77' lang='grc' dir='ltr'><strong><em>διαίτης</em></strong></span> <span class='ocrx_word' id='word_1_260' title='bbox 565 3221 602 3278; x_wconf 94' lang='lat'><strong><em>11</em></strong></span> <span class='ocrx_word' id='word_1_261' title='bbox 628 3209 748 3316; x_wconf 89' lang='grc' dir='ltr'><strong><em>τούτου]</em></strong></span> <span class='ocrx_word' id='word_1_262' title='bbox 772 3212 887 3288; x_wconf 85' lang='grc' dir='ltr'><strong><em>τούτοις</em></strong></span> <span class='ocrx_word' id='word_1_263' title='bbox 974 3220 1012 3279; x_wconf 92' lang='grc'><strong><em>16</em></strong></span> <span class='ocrx_word' id='word_1_264' title='bbox 1030 3212 1145 3294; x_wconf 81' lang='grc' dir='ltr'><strong><em>λεγόμε-</em></strong></span> 
     </span>
     <span class='ocr_line' id='line_1_36' title="bbox 180 3293 1145 3402; baseline -0.001 -45"><span class='ocrx_word' id='word_1_265' title='bbox 180 3319 234 3358; x_wconf 91' lang='grc' dir='ltr'><strong><em>νον</em></strong></span> <span class='ocrx_word' id='word_1_266' title='bbox 249 3299 356 3402; x_wconf 82' lang='grc' dir='ltr'><strong><em>τεῖχος]</em></strong></span> <span class='ocrx_word' id='word_1_267' title='bbox 373 3305 468 3380; x_wconf 87' lang='grc' dir='ltr'><strong><em>τεῖχος</em></strong></span> <span class='ocrx_word' id='word_1_268' title='bbox 481 3297 560 3362; x_wconf 86' lang='grc' dir='ltr'><strong><em>ούτω</em></strong></span> <span class='ocrx_word' id='word_1_269' title='bbox 575 3295 735 3400; x_wconf 82' lang='grc' dir='ltr'><strong><em>λεχύμευον</em></strong></span> <span class='ocrx_word' id='word_1_270' title='bbox 749 3293 800 3360; x_wconf 83' lang='grc' dir='ltr'><strong><em>καί</em></strong></span> <span class='ocrx_word' id='word_1_271' title='bbox 890 3303 928 3362; x_wconf 93' lang='grc'><strong><em>18</em></strong></span> <span class='ocrx_word' id='word_1_272' title='bbox 949 3321 1010 3360; x_wconf 86' lang='grc' dir='ltr'><strong><em>ταν</em></strong></span> <span class='ocrx_word' id='word_1_273' title='bbox 1026 3298 1145 3362; x_wconf 86' lang='grc' dir='ltr'><strong><em>Μυσαν</em></strong></span> 
     </span>
     <span class='ocr_line' id='line_1_37' title="bbox 180 3375 1145 3490; baseline -0.002 -45"><span class='ocrx_word' id='word_1_274' title='bbox 180 3406 199 3460; x_wconf 86' lang='grc' dir='ltr'><strong><em>ιχ</em></strong></span> <span class='ocrx_word' id='word_1_275' title='bbox 186 3377 413 3490; x_wconf 81' lang='grc' dir='ltr'><strong><em>Βουλμαρων]</em></strong></span> <span class='ocrx_word' id='word_1_276' title='bbox 436 3387 494 3446; x_wconf 78' lang='grc' dir='ltr'><strong><em>τῶν</em></strong></span> <span class='ocrx_word' id='word_1_277' title='bbox 516 3406 547 3446; x_wconf 80' lang='grc' dir='ltr'><strong><em>τε</em></strong></span> <span class='ocrx_word' id='word_1_278' title='bbox 562 3391 663 3462; x_wconf 80' lang='grc' dir='ltr'><strong><em>μνσεδν</em></strong></span> <span class='ocrx_word' id='word_1_279' title='bbox 683 3377 751 3461; x_wconf 80' lang='grc' dir='ltr'><strong><em>ἥκοι</em></strong></span> <span class='ocrx_word' id='word_1_280' title='bbox 770 3378 946 3465; x_wconf 78' lang='grc' dir='ltr'><strong><em>βονλχύροτν</em></strong></span> <span class='ocrx_word' id='word_1_281' title='bbox 1033 3387 1073 3447; x_wconf 90' lang='grc'><strong><em>25</em></strong></span> <span class='ocrx_word' id='word_1_282' title='bbox 1091 3375 1145 3444; x_wconf 88' lang='grc' dir='ltr'><strong><em>αύ-</em></strong></span> 
     </span>
     <span class='ocr_line' id='line_1_38' title="bbox 179 3460 1145 3551; baseline -0.001 -22"><span class='ocrx_word' id='word_1_283' title='bbox 179 3461 244 3550; x_wconf 87' lang='grc' dir='ltr'><strong><em>τὸς]</em></strong></span> <span class='ocrx_word' id='word_1_284' title='bbox 261 3469 312 3532; x_wconf 82' lang='grc' dir='ltr'><strong><em>καί</em></strong></span> <span class='ocrx_word' id='word_1_285' title='bbox 328 3461 419 3542; x_wconf 86' lang='grc' dir='ltr'><strong><em>αύτδς</em></strong></span> <span class='ocrx_word' id='word_1_286' title='bbox 503 3473 544 3533; x_wconf 91' lang='grc'>28</span> <span class='ocrx_word' id='word_1_287' title='bbox 559 3466 642 3548; x_wconf 81' lang='grc' dir='ltr'><strong><em>μέχρι</em></strong></span> <span class='ocrx_word' id='word_1_288' title='bbox 658 3471 841 3549; x_wconf 81' lang='grc' dir='ltr'><strong><em>ταχματαρχί</em></strong></span> <span class='ocrx_word' id='word_1_289' title='bbox 840 3492 875 3542; x_wconf 92' lang='grc' dir='ltr'><strong><em>ας</em></strong></span> <span class='ocrx_word' id='word_1_290' title='bbox 890 3460 1046 3551; x_wconf 76' lang='grc' dir='ltr'><strong><em>ἐφθακως]</em></strong></span> <span class='ocrx_word' id='word_1_291' title='bbox 1063 3461 1145 3547; x_wconf 83' lang='grc' dir='ltr'><strong><em>φθαί-</em></strong></span> 
     </span>
    </p>
   </div>
   <div class='ocr_carea' id='block_1_15' title="bbox 0 0 1282 3842">
    <p class='ocr_par' dir='ltr' id='par_1_18' title="bbox 0 0 1282 3842">
     <span class='ocr_line' id='line_1_39' title="bbox 0 0 1282 3842; baseline 0 0"><span class='ocrx_word' id='word_1_292' title='bbox 0 0 1282 3842; x_wconf 95' lang='lat' dir='ltr'><strong><em> </em></strong></span> 
     </span>
    </p>
   </div>
  </div>
 </body>
</html>
