2532 3844
475 231 524 282 AD
544 232 626 288 VOL.
644 233 691 286 IV.
931 235 1067 288 COXOIX

104 385 173 439 τους
184 360 270 463 αὕτη
293 358 524 464 ἐντυγχάνοντας
545 367 601 443 τῆς
621 389 652 428 τε
674 361 744 445 ὅλης
765 366 1043 450 φιλανθρωπίας
1011 393 1067 432 τον

103 439 192 530 ἄνδρ’
218 423 351 510 ἐπαινεῖν
380 447 432 510 καὶ
458 443 497 525 ὦς
523 447 635 554 ὁδηγὸν
662 475 725 513 των
751 455 916 516 καλλίστων
943 453 1068 555 τρόπων

104 533 155 598 καὶ
177 529 342 613 παιδευτήν
364 532 605 682 ἐπιτηδευμάτων
633 542 767 620 χρηστῶν
795 541 848 600 τοῦ
875 534 1067 640 καθήκοντος

104 613 448 728 μηόποστερεῖνὲηαί
392 643 510 684 πα.νου
555 621 583 682 εί
611 621 643 684 δὲ
668 621 720 684 καλ
747 627 801 702 τῆς
811 615 946 770 ἐδιιείσης
974 618 1068 686 αὐτόν
1162 641 1165 648 ·

105 706 278 814 οἰκονομίας
299 701 465 804 θαυμάζειν
485 711 550 807 τῆς
560 704 592 766 ἐν
613 713 676 782 τοῖς
698 705 849 790 λόγοιςέθ
849 710 906 772 έλει
921 735 975 784 τις,
998 702 1067 770 οὐδ’

102 790 135 853 ἐν
156 785 250 876 τούτῳ
272 793 325 852 τοῦ
347 783 550 894 κρείττονας’
532 788 713 870 αμαρτιὶνοι·
743 794 818 875 λόγω
840 794 872 857 δὲ
893 789 968 876 πρὸς
988 785 1066 855 αὐτοὶ

7 937 11 956 .-
103 869 139 938 τόι
160 901 202 976 τη
183 877 328 960 ἱστορία
343 871 520 955 καθήκοντα
534 871 648 958 ιλιιοβλέ
648 901 723 985 πηιν.
748 881 914 988 σαφηνείας
928 875 1033 959 μὲν
997 902 1068 962 γαρ,

103 940 205 1041 ἐπειδή
226 954 261 1024 τὸ
282 939 375 1038 σαφὲς
396 968 458 1036 τοῖς
481 960 683 1064 λστοριηοῖς’
662 985 780 1026 ανειται
794 963 847 1026 καλ
867 988 909 1044 μη
897 959 1066 1041 ἐπίδειξιν

103 1042 229 1128 ἄκαιρον
250 1048 304 1122 τῆς
330 1043 363 1106 ἐν
386 1041 494 1154 λόγοις
510 1043 663 1146 δυνάμεως
690 1049 895 1129 ποιουμένοις,
924 1068 1066 1112 τοσουτον

101 1129 302 1233 πεφρόντικεν
323 1129 435 1194 όοονὸ
452 1131 545 1232 λόγος
565 1125 672 1218 όπήτει
694 1143 749 1213 τῆς
753 1133 959 1238 προκειμένης
980 1130 1068 1218 αδτᾷ

106 1212 281 1298 διηγήσεως.
305 1210 459 1300 διαίτη
424 1241 481 1299 γαρ
504 1219 659 1324 ῥητορική
669 1223 722 1281 τοῦ
744 1213 853 1281 ὑπτίου
875 1219 971 1281 τεκαὶ
994 1238 1065 1280 συν-

104 1299 194 1364 τόνου
214 1299 303 1404 μέσον
324 1303 463 1382 βαδίσειε.
502 1301 549 1367 διδ
572 1302 623 1364 καλ
646 1301 745 1383 ἐδέησε
767 1301 863 1388 τούτῳ
891 1301 1067 1412 σεμνότητος

105 1386 155 1448 καλ
177 1373 261 1448 δι’
238 1410 279 1448 ων
301 1391 505 1470 κατορθοῦται
527 1385 560 1451 τδ
582 1388 733 1498 βέλτιστον
755 1385 832 1462 ελδος
843 1372 887 1450 ἐν
903 1385 1002 1489 λόγοις
1016 1387 1068 1450 καλ

103 1473 254 1573 ἱστρρίαις,
277 1469 376 1550 ἐδέησε
398 1473 430 1534 δὲ
451 1475 611 1552 συντομίας
633 1469 666 1534 τὸ
687 1467 753 1534 οἷον
768 1467 987 1575 δυσκίνητον
968 1497 987 1552 η
1005 1497 1065 1534 νω-

103 1549 184 1657 θρδν
205 1559 263 1618 τῶν
285 1553 474 1638 διηγημάτων
502 1553 704 1638 διεγειρουσης
730 1557 782 1618 καλ
810 1554 880 1622 οἷον
907 1551 1067 1664 ευκίνητον

103 1665 139 1726 τη
159 1643 292 1742 διακοηή
312 1640 470 1721 ποιούσης,
500 1641 635 1750 ηόλλους
656 1642 688 1705 δὲ
710 1642 760 1704 καλ
788 1640 1010 1724 γλυκυτητος“
994 1660 1067 1705 οσον

103 1705 205 1806 ἔμελλε
226 1720 266 1805 μή
290 1727 438 1809 διακορεις
464 1727 535 1803 τοὺς
555 1724 722 1801 όκοόοντας
745 1729 898 1790 διαθεῖναι
921 1751 962 1814 τφ
985 1751 1068 1790 πανυ

1 1861 2 1864 ¹
102 1817 203 1913 τρριηεῐ
222 1809 273 1872 καὶ
296 1811 413 1898 δυσήχηι
435 1815 488 1918 τής
498 1813 667 1918 ἑρμηνείας
688 1836 740 1876 και
731 1807 821 1876 οἷον
836 1817 965 1900 σκληρφ
993 1805 1068 1876 όλλδ

1 1947 2 1960 2
102 1891 164 1976 μήν
186 1892 254 1959 οὐδ’
270 1874 464 1972 ἐπιεικείας’
449 1897 560 1962 οπόαον
574 1891 780 1961 ἀκίνδυνον
759 1922 799 1980 ην
815 1877 1009 1999 διαπέφευγε.
1035 1893 1067 1960 τό

1 2019 2 2023 =
104 1981 132 2044 δ’
157 1978 323 2060 δπιλόμπον
350 1978 446 2062 ἐφ’”
427 2003 523 2047 απασι
549 1990 611 2058 τοῖς
639 1991 760 2064 σεμνοις
789 1989 850 2047 τῶν
878 1978 1068 2066 διηγημάτων

103 2061 262 2148 ήδεῖαν
232 2089 287 2175 την
292 2065 430 2170 ὁμιλίαν
450 2073 506 2148 τῆς
527 2070 659 2170 ἱστορίας
680 2075 763 2132 ποιεῖ
785 2093 827 2156 τφ
816 2066 1054 2148 δνδρίθαυ

102 2173 205 2233 μασειε
233 2146 305 2214 5'''
284 2177 324 2214 αν
345 2177 389 2226 τις
410 2151 505 2218 αὐτοῦ
531 2155 584 2217 καλ
609 2147 642 2215 τδ
664 2133 815 2257 καθαρόν
830 2157 883 2234 τής
911 2154 1034 2236 δρμηνεί
1032 2178 1069 2228 ας

1 2249 2 2288 ἓ
102 2238 154 2302 καὶ
178 2230 283 2300 οἷον’
266 2261 395 2340 ακμιαον
417 2240 468 2302 καλ
490 2238 639 2346 οόντοηον
661 2233 720 2302 κόν
747 2261 810 2313 τοις
831 2237 960 2320 σχήμασι
989 2239 1069 2299 διαλ-

105 2321 221 2386 λόττον.
265 2317 299 2386 τὸ
322 2322 412 2385 δὲ
375 2347 429 2401 της
449 2325 551 2400 λέξεως
577 2319 717 2425 ἀνθηρόν
743 2322 795 2384 καλ
816 2326 961 2398 ποικίλως
982 2345 1068 2422 μετα-

103 2402 285 2490 ποιούμενον
313 2404 350 2471 οδ
371 2413 481 2491 μικρᾶς
501 2432 583 2484 τινος
610 2402 695 2484 όίξιον
725 2404 882 2488 εὐφημίας
927 2409 955 2470 εί
975 2407 1007 2471 δλ
1028 2431 1070 2487 μη

102 2495 199 2578 χαίρει
222 2494 369 2602 τραχείρις
389 2516 420 2556 τε
443 2519 493 2557 και
484 2493 736 2574 πεπονημένοις
751 2496 1052 2596 προσελθεσθαιε
991 2491 1066 2568 λέξε-

0 2606 1 2617 ι
103 2597 163 2656 σιν,
186 2572 283 2654 ἕξων
303 2572 336 2641 τό
351 2579 604 2684 δυσεπιχείρητον
631 2577 682 2640 καλ
704 2574 816 2659 πικρόν
841 2577 892 2640 καλ
912 2577 1069 2680 στρυφνδγ

20 2687 22 2692 ’
101 2657 301 2742 διαφαίνεται
322 2667 365 2749 τῷ
386 2663 481 2771 λόγῳ,
509 2657 545 2728 05
567 2660 735 2770 θαημόζειν
762 2660 856 2738 είκος
886 2655 922 2766 ρό
938 2657 1000 2768 γὰρ
1024 2659 1069 2725 λό-

104 2772 167 2856 γωγ
183 2726 352 2827 ἐπίδειξιν,
355 2745 430 2812 ἀλλὰ
445 2753 515 2852 βίου
529 2751 721 2860 προτόπωσιν
736 2741 898 2832 ἐνεγκεῖν
882 2755 990 2850 ηρεῑτο.
1022 2741 1067 2810 διδ

1 2859 2 2898 ι
103 2832 156 2894 καλ
179 2839 239 2906 τοῖς
261 2833 316 2933 μλη
337 2829 402 2896 ὅσοι
423 2829 465 2915 μή
486 2838 566 2939 βίον
575 2837 731 2937 αἱροῦνται
754 2836 911 2941 ῥυθμίζειν
932 2827 987 2897 τόν
1002 2834 1070 2896 ἕνα·

1 2901 3 2914 ’
103 2941 165 2980 των
186 2911 261 3019 πρδς
282 2911 314 2980 τό
336 2921 467 2998 βέλτιον,
495 2913 569 2984 ἀλλὰ
590 2917 687 3024 λόγων
715 2912 818 2982 ἀσκεῖν
840 2917 895 2999 τήν
917 2917 1068 2998 ἐπίδειξιν,

1 3003 2 3008 '
102 2995 234 3104 ἆτερηής
256 2999 464 3086 είςζολκρόασιν
486 3000 662 3084 φαίνοιτ”’
642 3029 689 3070 αν.
718 3008 815 3105 κτήμα
838 3004 870 3067 δὲ
891 3003 1020 3084 τίμιον“
1004 3025 1069 3068 οοοι

1 3135 2 3166 3
104 3081 157 3148 τὸν
163 3079 278 3190 δρθδν
298 3089 366 3166 βίον
393 3093 446 3152 τοῦ
469 3090 699 3193 διεστραμμένου
726 3085 818 3170 λόγου
845 3091 1068 3172 προκρίνουσιν.

163 3165 253 3236 Ἀλλδι
273 3168 329 3254 τήν
350 3174 405 3256 μὲν
427 3175 525 3254 ἰδέαν,
555 3173 650 3248 ὦςδν
671 3177 778 3255 βραχεῖ
795 3174 987 3279 παρεθέμην,
1016 3179 1070 3279 τοή

105 3251 195 3338 λόγου
223 3269 354 3334 τοιοῦτος
383 3255 543 3334 ἐκεῖνος
522 3285 577 3342 ην,
607 3261 719 3362 ἰρτορεῑ
743 3253 829 3322 δὲ’
797 3283 903 3333 τοπους
913 3255 994 3363 ἅμα
1016 3257 1067 3321 καὶ

103 3339 263 3425 πράγματα
289 3363 457 3426 προσωπων
486 3368 516 3408 τε
539 3345 591 3408 καλ
612 3337 701 3450 ήθριν
730 3338 921 3419 διαθέσεις“
901 3369 940 3419 ως
962 3338 978 3405 5
1002 3338 1069 3404 ἑκό-

103 3447 176 3489 στου
198 3453 258 3491 των
279 3427 551 3528 ἀναγεγραμμένων
572 3424 734 3528 ὑποβάλλει
755 3426 878 3508 τρόπος
908 3421 976 3492 ἀλλ’
999 3421 1070 3488 οὐδὲ

104 3533 248 3594 κοταμων
270 3508 350 3581 οὐδὲ
362 3516 501 3598 πελαγῶν
522 3538 660 3600 παρειται
687 3507 739 3588 τόις
767 3512 931 3595 ἐξηγήσεις,
960 3507 1070 3588 νήσους
