2548 3850
163 215 207 280 54
510 220 791 274 ANNOTATIONES

228 355 308 431 224,
333 358 383 418 20.
414 354 649 433 δυσπαραίτητος
677 349 729 430 τός
751 349 856 439 δρχδς]
888 363 1057 420 Ammianus.
1081 365 1132 422 Iu·

163 445 290 500 ramosus
310 447 385 500 alias
407 452 434 501 et
454 446 626 506 iracundus

194 525 305 598 ·,224
330 527 379 586 26.
415 518 597 606 Γρανιανὸς]
633 531 668 587 De
695 531 819 588 Gratiana
846 531 874 587 id
896 531 973 589 lubet
995 533 1047 590 hae
1069 477 1132 591 loeo

162 609 291 668 adnotare
314 613 389 688 quod
411 613 444 670 de
465 613 514 670 ilio
536 612 630 670 scribit
653 614 787 690 Georgius
811 616 1014 718 Hamartolps
1006 633 1034 711 pn
1049 617 1136 674 Chro-

162 699 223 754 nico
252 714 302 757 ms
327 697 482 754 Gratianum
512 699 706 772 Imperatorem
736 711 878 796 roaovrpu
910 695 962 756 καί
985 689 1136 774 εὐστόχως

162 799 211 836 και
204 773 356 838 ἐπιπολδ
372 773 553 856 τοξεύειν,
535 801 574 850 οτς
590 777 686 858 λέγειν
706 773 799 856 τινας,
821 774 857 840 τό
874 785 1046 882 Γρατιανοό
1059 782 1134 860 βέλη

162 859 275 940 φρένας
303 861 389 942 ἔχειν.
435 865 494 935 Quo
524 875 649 942 spectant
676 871 728 925 ista
751 869 903 926 Victoris
896 869 1133 946 1nEpit.Fua't

162 960 258 1009 autem
279 953 438 1009 Gratianus
458 955 552 1010 literis
566 954 647 1010 haud
664 957 848 1012 mediocriter
863 959 1039 1014 instructus.-
1062 971 1131 1012 aar·

162 1053 226 1093 men
245 1039 364 1111 faeere,
387 1043 488 1094 ornate
503 1040 595 1110 ioque,
619 1042 771 1110 empliaare
792 1045 1008 1097 controuersias
1022 1041 1131 1098 Raeto-

162 1139 227 1178 rum
248 1137 339 1192 mare,
366 1121 437 1178 nitu
457 1123 537 1178 atiud
558 1123 604 1178 die
624 1131 767 1196 noctuque
794 1140 883 1198 apere
904 1143 991 1198 quam
1010 1127 1132 1198 spiculis

161 1207 305 1278 meditatu,
329 1221 515 1278 summaeque
536 1209 700 1280 uoluptatis,
722 1210 892 1282 divinaeque
915 1213 989 1266 artis
1008 1212 1131 1266 eredere

158 1291 254 1362 ferire
276 1293 330 1348 sibi
349 1291 503 1348 destinata.

226 1373 372 1444 225,14.
401 1369 679 1452 τώνΣκυθωνδὲ]
716 1375 768 1433 Sed
791 1377 927 1435 etsoribit
943 1377 1109 1452 Eunapius
1101 1395 1131 1435 m

161 1459 244 1553 legat.
274 1460 341 1516 ad'
333 1475 421 1554 ipsam
454 1477 542 1535 usque
568 1459 830 1553 Constantinopolim
863 1463 969 1519 venisse
998 1463 1129 1538 Scythas.

160 1532 219 1616 ἤδη
241 1563 301 1622 γαρ
322 1533 421 1600 καί
389 1563 445 1622 την
461 1535 778 1604 Κωνσταντινουπολιν
794 1539 977 1622 κατέτρεχον,
1000 1540 1051 1602 καί
1066 1547 1130 1616 τοῖς

160 1625 285 1704 τείχεσιν
306 1619 454 1703 ἠνόχλονν
476 1618 723 1726 περικαδήμενοι
925 1663 926 1666 =

226 1713 302 1786 225,
327 1713 375 1772 18.
411 1700 513 1786 655‘
516 1712 642 1771 Ῑσπανία
642 1709 657 1792 ]
686 1716 726 1772 ita
748 1715 827 1772 codd.
851 1715 944 1791 Regii,
970 1717 1021 1772 etsi
1043 1717 1131 1772 mani·

160 1799 232 1856 festo
261 1815 364 1856 errore.
407 1799 474 1855 Nam
502 1799 643 1874 Hispaniae
671 1801 779 1856 nomine
808 1799 882 1858 nulla
910 1800 975 1856 urbs
998 1802 1129 1872 occurrit,

160 1888 196 1940 ita
220 1891 250 1940 ut
273 1884 300 1938 in
323 1901 356 1940 οο
380 1885 509 1939 erraverit
536 1883 667 1956 Zonaras,
698 1884 772 1958 quod
801 1886 954 1958 Hispaniam
983 1885 1015 1941 air
1043 1885 1129 1941 iberia

160 1967 330 2041 distinxerit,
354 1985 415 2024 eum
431 1967 603 2026 Theodosius
626 1985 657 2025 ex
680 1969 769 2026 italica
792 1969 936 2044 Hispaniae
960 1969 1027 2026 urbe
1050 1977 1128 2026 ortus

160 2052 253 2109 suerit.

225 2136 298 2208 226,
322 2135 372 2194 25.
405 2129 591 2234 Θεοδόσιον]
605 2137 738 2213 Georgius
755 2137 958 2196 Hamartolus
950 2155 976 2194 m
993 2137 1129 2232 Chropieo

159 2213 394 2290 maturationem
417 2212 474 2280 aria
496 2215 576 2298 τοίχει
596 2222 704 2320 aaran
718 2241 759 2302 τφ
748 2221 895 2318 βασιλει
905 2214 1128 2317 τροπαιοφόρος

160 2296 326 2382 παραστὰς,
355 2302 408 2363 trel
407 2327 427 2388 pr
449 2299 546 2388 ψήφφ
573 2295 606 2364 τδ
628 2281 786 2402 βαόιλιαδν
813 2298 944 2383 διάδημα
966 2299 1128 2402 προβόλλε·

159 2409 225 2468 ται,
253 2365 422 2496 Γρατιανρό
444 2389 684 2490 χειροτονοῦντος
712 2379 818 2464 αὐτὸν,
846 2388 896 2449 καί
924 2381 1031 2466 κοινήν
1059 2410 1131 2449 τινα

160 2469 211 2532 καί
240 2470 420 2571 θαυμαστὴν
445 2469 642 2576 περιεβληθη
642 2469 841 2574 πορφόρανζ
869 2465 918 2580 pig
933 2467 1130 2573 ἀρχαιότατος

160 2552 312 2658 βασιλεύς·
335 2557 387 2620 καί
409 2551 512 2636 ἐπειδὴ
535 2553 604 2630 τούς
627 2551 726 2636 δόμους
748 2549 841 2619 αὐτοῦ
862 2549 939 2657 ὑπὲρ
961 2555 1130 2660 ἂνθρωπρν

159 2633 339 2742 δψηλοδς”
322 2666 409 2716 οντας
431 2639 578 2746 διαφόρου
599 2641 703 2724 pontit
703 2667 752 2720 ως,
775 2637 940 2750 χλαμύδας
940 2637 1104 2704 ἕνδόειν’
1071 2663 1129 2704 ουκ

159 2719 318 2790 ἕδόναντο
333 2725 448 2801 πάντας
457 2751 519 2831 γαρ
530 2722 725 2812 ὑπερέχων
695 2750 737 2789 τοι
725 2727 882 2809 μεγέθει,
898 2729 999 2790 πᾶσαν
1014 2725 1130 2804 ἐσθῆτα

160 2804 261 2872 δια
231 2835 264 2873 το
294 2807 375 2890 apog
402 2834 514 2892 μικραν
540 2808 683 2890 απίφηνε.
717 2789 812 2886 τέλος
838 2835 874 2896 τη
897 2811 1129 2874 Κωνσταντίνου

158 2898 324 2999 πορφυρίδι
345 2896 507 2976 κοσμηθεὶς
529 2895 557 2970 ἐξ
559 2897 706 2976 έ,λαμψεν
729 2896 762 2958 ἔτι
784 2897 971 2978 τετραγώνου
991 2889 1126 2977 όιρμοσα-

159 2999 213 3060 σης
235 2978 326 3066 αὐτῷ.
367 2988 402 3044 [ie
425 2987 571 3045 Theodosii
593 3005 656 3046 vero
680 2995 782 3044 statura
804 2987 875 3044 idem
898 2995 1015 3052 testatur
1037 2987 1130 3044 Victo·

158 3072 196 3128 ris
218 3070 357 3145 Epitome:
385 3073 454 3130 Fuit
476 3081 571 3130 autem
596 3075 771 3130 Theodosius
794 3075 922 3131 moribus
947 3080 975 3130 et
1001 3088 1128 3145 corpore

161 3157 289 3214 Traiano
311 3159 423 3228 amitis,
448 3165 587 3229 quantum
609 3163 720 3230 scripta
738 3165 866 3214 aeterum
886 3165 913 3215 et
924 3161 1062 3230 picturae
1077 3159 1128 3214 δο·

160 3247 242 3298 aeut:
257 3245 300 3297 sic
315 3245 442 3299 eminens
453 3246 555 3312 status,
571 3245 697 3300 membra
711 3245 820 3315 eadem,
832 3260 895 3314 par
910 3245 1060 3300 caesaries
1071 3249 1127 3304 ete.

223 3325 295 3391 226,
319 3326 368 3384 23.
398 3323 557 3402 Μαξίμου]
583 3327 617 3384 De
634 3345 687 3402 quo
709 3329 746 3384 ita
761 3327 893 3401 Sulpitius
915 3326 995 3387 lib.3
1018 3325 1128 3383 devita

159 3409 185 3466 S.
210 3409 330 3467 Martini:
353 3410 503 3469 Maximus
517 3413 684 3484 Imperator
704 3413 912 3485 rempublicam
932 3411 1126 3486 pubernabat,

159 3497 203 3551 νίν
218 3499 294 3554 omrai
308 3499 366 3554 uita
379 3498 606 3570 praedicandus,
630 3501 656 3554 si
670 3501 696 3554 et
710 3500 754 3554 aet
769 3498 901 3554 diadema
920 3513 977 3554 aare
991 3497 1127 3570 lepitt'me3
