2548 3850
169 237 212 302 20
509 236 792 292 ANNOTATIONES

235 377 285 448 51,
308 377 357 434 24.
389 367 512 452 Κελτὸς]
540 377 579 433 lta
601 377 655 434 duo
678 393 742 432 mss.
789 378 823 432 At
843 379 978 452 interpres
1000 378 1029 434 in
1050 373 1138 433 altero

171 480 203 520 ex
225 465 257 524 iis
281 461 377 538 qulbus
408 479 472 518 usus
501 467 544 519 est
572 461 665 518 codice
688 455 813 529 Κελετδς
840 461 895 534 legi
923 467 1032 533 mouet,
1062 461 1140 536 quasi

171 555 244 606 esset
266 564 366 604 nomen
387 548 536 621 proprium,
551 562 606 602 non
628 547 762 618 nationis,
785 547 833 602 sed
856 547 915 604 viri.

235 631 287 704 54,
310 631 339 688 6.
369 623 450 702 πλὴν
471 635 527 686 rori
544 626 741 708 Μουσωνίου]
765 629 830 687 Vide
852 629 1019 705 Scaligerum
1039 631 1071 687 ad
1087 629 1139 688 Eu-

143 785 144 792 ,
171 717 275 774 sebium
298 734 326 790 p.
351 715 422 773 201.
448 715 476 771 2.
500 714 564 772 edit.

236 800 363 872 55,16
394 793 537 875 δοθέντα]
561 799 727 874 xiphilinus,
757 817 807 856 seu
830 799 887 862 uto
911 799 972 856 inde
996 797 1141 856 emendan-

172 886 239 956 dus,
263 886 311 959 qui
333 878 485 958 βεβαιωθέ
487 901 541 938 νισι
563 884 654 954 babet,
677 901 710 940 er
731 884 845 941 Sueten.
876 884 1028 957 Beneficio
1052 903 1070 940 a
1092 901 1140 940 su-

170 971 339 1043 perioribus
354 985 494 1026 concessa
505 970 697 1070 principibus,
722 978 775 1026 etc.

236 1053 294 1126 55,
318 1053 367 1112 30.
398 1041 467 1123 ὅρος
495 1046 528 1110 rb
553 1048 696 1140 Βέσβιον]
724 1053 762 1110 lta
785 1054 860 1110 Dioni
881 1052 1046 1127 appellatur:
1070 1051 1140 1108 Gon·

171 1137 332 1194 stantinol.
355 1137 574 1194 anathemat.
599 1155 658 1213 cap
685 1137 722 1194 11
748 1124 939 1212 Οὐεσούβιος.

236 1222 286 1294 57,
311 1221 338 1278 7.
366 1209 564 1303 'Auepntnrpsl
596 1222 635 1280 lta
657 1224 738 1278 etiam
766 1231 822 1279 tres
848 1240 913 1278 mss
944 1238 1024 1296 quem
1051 1221 1141 1277 nostri

171 1306 256 1381 vulgo
279 1265 438 1364 ilnacletum
460 1315 573 1379 vocant,
597 1309 673 1380 quasi
695 1308 774 1364 istius
796 1305 934 1364 Pontificis
957 1306 1070 1362 Romani
1092 1322 1143 1362 uo·

172 1408 234 1448 men
256 1390 425 1449 affectatione
448 1392 562 1465 quadam
585 1391 751 1447 efferendum
774 1391 919 1448 crediderit
934 1391 1059 1448 Zonaras.
1098 1389 1143 1446 Sic

171 1492 255 1550 porro
280 1478 398 1551 scriptos
421 1474 528 1532 Eusebii
551 1475 658 1532 codices
680 1476 817 1550 praeferre
843 1483 936 1533 monet
958 1475 1080 1532 Valesius
1108 1473 1143 1530 ad

172 1559 218 1617 lib.
243 1560 272 1618 3.
296 1577 325 1617 ca
346 1602 354 1619 .
379 1561 428 1618 13.

237 1645 293 1716 59,
317 1580 346 1702 8Ρ.
377 1639 580 1723 Νασαμῶνας]
610 1643 676 1701 Vide
698 1644 865 1720 scaligerum
888 1645 921 1701 ad
944 1643 1088 1702 Eusebium
1110 1661 1141 1717 p.

173 1727 243 1787 203.
268 1729 296 1786 2.
320 1730 386 1788 edit.

236 1813 288 1886 64,
313 1813 363 1872 15.
393 1805 575 1914 ἀδελφιδῆν]
605 1813 670 1869 Vide
692 1812 826 1870 Cuiacium
850 1812 960 1870 Observ.
984 1812 1014 1884 8,
1038 1812 1088 1872 28.

238 1898 290 1970 67,
315 1897 364 1959 14.
391 1887 540 1971 Ῥωμαίων
555 1889 691 1970 antinoon
711 1893 826 1975 γέγονε]
850 1897 931 1954 Addit
946 1896 1101 1954 Lactantius
1116 1897 1145 1952 in

172 1979 219 2038 lib.
243 1982 277 2038 de
300 1983 434 2039 mortibus
457 1991 627 2057 perseeutor.
650 2001 678 2040 u.
697 1981 736 2039 23
757 1983 899 2039 Traianum
921 1983 1014 2039 Dacis
1028 1983 1144 2038 assidue

174 2067 382 2124 rebellantibus
395 2083 513 2124 censum
526 2084 641 2140 poenae
654 2071 752 2140 pratia
768 2070 901 2125 uictorem
917 2069 1094 2138 imposuisse.

239 2151 291 2223 70,
316 2151 365 2210 11.
397 2147 595 2230 Σελινουντυ]
623 2151 689 2208 Vide
712 2149 847 2208 Cuiacium
871 2150 983 2207 Observ.
1008 2151 1059 2223 27,
1083 2150 1110 2208 3.

121 2236 155 2286 23
239 2236 296 2306 71,
320 2235 369 2296 21
400 2231 564 2314 Ταυιανδς]
593 2240 727 2311 corrupte
749 2236 821 2310 apud
842 2235 1006 2334 lliphiliuum
1032 2227 1145 2290 ’Λυσια-

173 2309 233 2388 νός.
282 2321 432 2378 Tucianus
457 2322 531 2396 apud
556 2321 715 2396 Vopiscum,
746 2322 852 2380 tametsi
875 2319 902 2376 id
930 2321 1047 2376 nominis
1070 2321 1144 2376 varie

173 2404 293 2462 ellenri'
286 2421 313 2461 tn
335 2405 415 2462 codd
440 2424 505 2463 mss.
529 2406 655 2463 observet
678 2404 861 2466 Casaubouus

239 2489 290 2562 71,
307 2489 357 2547 23.
385 2485 551 2566 προσγενῇ]
573 2491 719 2546 aurianum
733 2489 929 2546 Consobrinum
941 2487 1145 2545 Traianiluissa

173 2573 269 2632 scribit
291 2573 459 2648 Spartianus

239 2657 290 2730 72,
315 2659 364 2715 11.
398 2659 463 2726 ταῖς
479 2651 510 2718 δὲ
531 2651 615 2714 atrio
636 2677 687 2713 uua
678 2651 782 2733 ἔργα
804 2652 855 2716 nui
878 2645 1012 2733 χρήματα
1033 2649 1085 2711 καὶ
1099 2675 1143 2714 τι·

172 2734 233 2816 pala
256 2735 341 2820 δοδς]
365 2741 483 2800 Wollius
506 2737 577 2819 iope
599 2759 723 2802 munera
744 2745 840 2800 vertit:
868 2743 957 2800 malim
979 2757 1085 2814 opera,
1112 2749 1145 2798 nt

173 2825 282 2902 publica
305 2827 506 2902 intelligantur,
528 2845 598 2902 quae
620 2829 756 2886 civitatum
773 2827 1082 2900 utilitaticonstruenda
1096 2842 1144 2883 cu-

174 2911 252 2967 rabat
274 2910 412 2968 Traianus.

239 2995 291 3068 72,
308 2993 358 3052 28.
384 2986 609 3083 συνδικάζουσι]
628 2989 815 3066 συνδικάζειν
832 2996 1057 3054 dicebanturduo
1073 2995 1145 3052 Gen·
1273 3066 1274 3074 ἵ

174 3080 262 3150 sules‚
285 3081 333 3154 qui
355 3097 407 3136 una
429 3081 536 3139 iudiciis
558 3089 711 3157 praeerant,
734 3083 834 3156 quibus
853 3083 984 3138 intererat
1000 3081 1143 3138 Adrianus.
1172 3093 1175 3098 ’

240 3164 293 3237 73,
315 3163 345 3222 4.
376 3166 437 3232 τοῖς
459 3154 599 3243 δφλουσι]
624 3167 798 3242 Spartianus
821 3169 861 3224 od
880 3169 1068 3242 cotiipendam
1083 3183 1142 3222 au-

176 3255 231 3306 tem
244 3253 370 3322 pretinm
384 3250 457 3308 nibil
468 3256 715 3324 praetermittens,
736 3255 878 3325 infinitam
897 3255 1052 3326 pecuniam
1066 3265 1144 3325 quoe

173 3337 247 3409 fiseo
269 3335 435 3406 debebatur,
458 3340 583 3413 priuatis
602 3338 777 3394 debitoribus
791 3369 833 3377 —
848 3340 965 3394 remisit.
1005 3335 1033 3392 ld
1056 3351 1144 3410 porro

175 3427 234 3476 tum
256 3419 458 3478 actumiunuit
478 3420 605 3492 Zonaras,
627 3439 689 3478 cum
711 3420 820 3479 Romam
843 3424 930 3494 venit,
955 3419 1029 3497 quod
1052 3420 1146 3477 bausit

175 3505 324 3562 exitione.
