2550 3854
487 225 535 275 AD
554 223 637 276 VOL.
656 227 703 276 1t'.
1017 220 1078 286 155

43 385 48 390 ·
105 371 176 422 :etos
201 367 346 422 habuerat
374 365 518 421 Palatium
524 375 663 490 μοιμοι,
693 369 740 422 sui
760 369 900 434 parentes
926 365 966 420 ibi
992 364 1077 419 colio-

109 456 167 505 ⁴cot
190 458 242 505 ete.

182 525 214 587 τό
239 527 271 588 δὲ
298 527 390 600 έθνος
418 529 476 587 τῶν
500 524 570 626 Ῥμῑς
597 523 772 630 Σιινθιιιόν]
801 532 857 589 Leo
885 532 1017 590 Diaconus
1046 531 1077 586 ii·

116 615 166 672 bro
190 618 209 673 4
232 617 334 674 Hister.
361 633 409 672 ms
438 609 467 683 ές
491 607 559 684 τοὺς
587 609 805 718 Τουροσιιόθος
828 603 1053 690 ἐξέπεμψεν,
1024 606 1077 684 οός

113 689 243 774 ἡκοινὴ
275 692 425 768 όιόλειιτος
448 693 518 769 Ῥῶς
544 699 655 759 εἴωθεν
681 693 847 776 όνομόζειν.
893 702 967 760 Hono
993 717 1076 774 porro

109 785 298 843 ,Ηιιιιοιιιιιι
290 803 317 842 ιιι
347 803 441 860 agrurn
469 786 797 863 Constantinopolitnnum
825 789 1020 862 irruptionem,
1049 795 1078 842 et

113 869 189 926 urhis
214 869 358 928 confinium
382 873 558 928 vastationem
586 874 677 948 attigit
699 889 762 948 pree
785 873 883 928 ceteris
905 871 1010 928 Nicetes
1029 871 1076 926 Pe-

113 955 251 1048 piriego'
243 973 270 1012 ιο
299 957 352 1010 vita
379 956 476 1048 ignatii
502 954 573 1017 Patr
597 957 832 1051 constantinopol.
862 975 916 1012 ιιοτ
923 939 1126 1010 ’έιιεῖνονῐθ0

107 1027 169 1112 γὰρ
192 1029 245 1096 τόν
267 1027 374 1112 καιρόν
400 1028 433 1096 τό
454 1036 695 1134 μιοιφονοότοτον
721 1038 782 1096 τῶν
811 1041 947 1097 Σκυθῶν
975 1034 1075 1108 ἔθνος,

105 1119 146 1178 οἵ
165 1114 317 1198 λεγόμενοι
341 1117 422 1194 Ῥιός,
446 1113 496 1180 διο
521 1123 573 1180 τοῦ
597 1115 742 1196 Εὐξείνου
763 1120 886 1182 Πόντον
892 1140 1075 1219 προσκεχω-

115 1201 238 1280 ρηιιότες
259 1207 301 1287 τῷ
325 1208 438 1303 Στενςό,
461 1203 512 1265 nat
534 1201 633 1265 πόντο
655 1205 710 1283 μέν
731 1208 833 1306 χωρία,
857 1200 954 1265 πόντο
977 1203 1007 1266 δέ
1023 1227 1074 1283 μο-

112 1285 257 1368 νοστήριο
280 1267 561 1366 θιορπόσοντες,”
544 1313 586 1351 ετι
610 1289 646 1367 δὴ
673 1291 725 1352 ιιολ
746 1294 806 1352 τῶν
834 1292 886 1350 τοῦ
910 1290 1075 1365 Βυζαντίον

103 1374 305 1482 ’.περιοικίδων
327 1373 511 1474 κατέδραμον
535 1377 653 1453 νησίον,
667 1371 774 1480 σιιερόη
789 1397 887 1436 ποντα
910 1372 1075 1475 ληιζόμενοι

112 1458 164 1519 ιιοι
184 1481 335 1536 χρηματα,
365 1452 547 1539 ἀνθρώπους
571 1459 602 1521 δὲ
625 1454 694 1533 τοὺς
720 1453 846 1532 ἁλόντος
868 1455 981 1531 πόντος
1002 1454 1075 1519 όπο-

110 1544 278 1614 κτείνοντες
301 1558 352 1609 eto.

176 1633 303 1703 58,14.
332 1623 541 1726 Λοιοπηνός]
565 1633 759 1690 Constantinus
775 1634 922 1690 Monaeses
961 1693 963 1698 ,

152 1705 206 1772 τόν
228 1712 353 1791 νέμοιτο
375 1707 427 1772 τὸν
445 1707 596 1790 Ῥωμονόν
618 1707 670 1772 τόν
692 1705 751 1773 οπό
774 1717 825 1792 της
850 1710 1009 1788 Λοκόπης.

105 1803 150 1856 An
174 1803 278 1877 Lnoope
300 1819 400 1858 nomen
422 1804 458 1858 sit
481 1804 555 1860 urhis'
584 1812 631 1858 ent
659 1805 777 1877 regionis
807 1803 871 1860 mihi
899 1819 1012 1876 prorsus
1034 1803 1074 1858 in·

108 1894 227 1943 eertum.
272 1886 412 1943 Caeterum
434 1903 528 1945 senex
552 1905 601 1945 seu
628 1893 726 1946 senior
747 1888 791 1944 hio
812 1886 947 1944 nonanus
975 1886 1075 1944 dieitur

100 1970 139 2025 -ed
163 1972 311 2028 discrimen
340 1971 579 2047 porphyrogeniti.
629 1972 739 2030 iiiohoei
768 1972 871 2028 Pseilus
900 1974 926 2028 in
956 1971 1073 2046 Synopsi

104 2052 219 2129 legum:

152 2135 236 2242 μάθε
258 2132 308 2193 καὶ
331 2128 384 2195 τόν
406 2131 584 2214 ζητούμενον
605 2133 735 2214 σήμερον
756 2141 795 2196 πλ
782 2135 847 2196 λέον
869 2127 973 2213 νόμον,

154 2213 190 2280 ὃν
212 2217 229 2282 ό
253 2216 420 2299 πρεσβύτης
438 2217 585 2298 Ρωμιινὸς
608 2221 665 2282 εέσέ
633 2240 750 2300 σνεμιιε
773 2229 818 2305 τρῖ
839 2221 905 2302 βίῳ

109 2305 230 2368 Meminit
253 2311 446 2365 Constantinus
468 2310 641 2386 Porphyrog
664 2313 692 2366 in
714 2309 824 2366 Novella
846 2279 883 2364 θό
901 2306 1003 2363 Fundis
1026 2310 1074 2364 Ar·

111 2397 239 2452 meniucis
272 2397 326 2466 τῆς
358 2391 515 2468 βασιλικῆς
547 2392 598 2468 της
625 2388 775 2468 Λοκόπης
806 2389 916 2466 μονῆς,
949 2391 1074 2464 Myreleei

11 2523 14 2528 A
111 2473 183 2534 iorte
206 2478 239 2536 ιιΙι
262 2495 295 2536 eo
317 2477 459 2534 aedificati

176 2563 229 2636 59,
253 2564 302 2620 11.
326 2559 378 2636 τῆς
400 2551 576 2637 Αόγοόστης
601 2551 770 2637 Θεοδόρος]
794 2561 874 2618 lstius
897 2567 925 2614 et
946 2559 1073 2633 Sophiae,

105 2639 146 2697 rie
169 2663 229 2745 qne
244 2665 323 2741 mox,
352 2649 473 2704 meminit
495 2648 679 2720 Gregorius
672 2664 698 2703 ιο
721 2647 774 2702 vite
804 2646 832 2703 S
856 2642 971 2701 Basilii
963 2660 1021 2699 run.
1044 2661 1072 2700 n

113 2725 168 2782 ⁶23:
191 2719 276 2834 αὕτη
291 2727 323 2789 δὲ
345 2749 363 2802 η
386 2721 541 2806 Αόγουστο
560 2723 665 2806 Ἑλένη
686 2726 789 2805 πρώτη
812 2727 872 2785 τῶν
899 2721 997 2786 ἄλλων
1019 2725 1073 2800 βο-

101 2804 276 2903 ‘cottion
253 2833 310 2890 ην·
338 2808 357 2890 ἡ
381 2809 438 2892 γὰρ
466 2811 549 2874 ὁεντέ
550 2837 586 2913 ρο
613 2808 737 2918 σόμβιος
762 2813 815 2872 τοῦ
843 2807 955 2886 πατρὸς
982 2804 1074 2884 αὐτῆς

108 2879 257 2967 Ῥωμονού
287 2895 427 2976 Θεοδώρο
454 2891 693 2974 τελιντησοσο
671 2921 727 2975 ην,
755 2922 775 2976 η
796 2917 827 2956 τε
850 2890 995 2970 Σοφλο
976 2917 996 2972 η
1019 2895 1073 2954 τοῦ

106 2975 322 3118 Χρισιοφόρον
351 2981 466 3044 ἐκείνου
495 2978 723 3058 τελευτήσαντος
751 2980 919 3059 κατηνέχθη
948 2981 999 3055 τῆς
1021 2980 1073 3056 βα·

103 3074 138 3116 σι
158 3065 228 3138 εἰος

177 3154 227 3251 61,
251 3157 280 3215 6.
311 3149 386 3247 πρός
408 3150 538 3232 Πέτρον]
571 3155 678 3213 Vites
701 3156 817 3213 Lucae
809 3156 971 3247 tupiorisp.
996 3153 1071 3212 981:

106 3242 150 3282 ‘⁰²’
156 3228 228 3332 γὰρ
250 3231 326 3297 πολό
348 3229 380 3298 τό
404 3234 435 3296 έν
457 3235 553 3318 μέσῳ,
577 3235 628 3296 ιιοι
649 3228 665 3295 ό
688 3233 742 3313 μέν
763 3227 913 3312 ἁλιτήριος
935 3225 1072 3332 Συμεών,-

112 3308 163 3368 wi
179 3321 347 3382 πολλῶν
311 3315 446 3401 οιμότοιν
461 3319 682 3419 Χριστιονιιιῶν
698 3318 892 3421 έιιχόσεοις”
854 3339 958 3390 οιτιος,
981 3309 1037 3390 έξ’
1020 3339 1073 3377 ον·

111 3390 297 3468 θθώπιονί
264 3407 391 3485 γίνεται
414 3404 560 3483 ἐκδέχεται
583 3397 669 3468 δέ
636 3428 691 3482 την
713 3402 819 3467 τοότον
838 3396 934 3481 ἀρχὴν
948 3400 1072 3479 Πέτρος,
1103 3467 1108 3475 f

110 3496 127 3534 ⁰
151 3479 207 3556 μὲν
227 3487 321 3552 οὗτοι
342 3489 425 3567 οἰὸς,
453 3488 507 3570 οόχ
534 3488 616 3565 ὅπως
638 3489 669 3552 δὲ
691 3491 744 3568 τῆς
766 3488 854 3567 δόξης
875 3486 1001 3566 καὶτῆς
1023 3481 1073 3547 οὗ·
