2548 3850
494 239 545 288 10
563 239 647 292 von.
666 240 718 291 111.
1049 241 1090 305 25

126 378 224 452 Vaher,
249 387 276 435 et
297 395 391 436 vocem
413 364 568 452 ἀλλότρια,
597 381 654 435 sive
677 381 788 452 aliena,
816 380 952 437 hocloco
975 381 1091 457 intelligi

125 479 178 521 000
201 463 300 520 debere
324 465 413 520 omnia
436 479 504 536 quae
526 465 646 537 privatus
675 465 788 538 quisque
810 465 869 520 iure
897 463 1007 522 dominii
1029 483 1091 540 per·

125 551 202 605 tinet.
239 547 304 603 Nam
329 549 408 620 quis,
423 549 522 622 inquit,
545 547 626 604 lando
650 565 768 622 uuquam
792 548 901 620 audivit,
924 566 955 605 ea
977 550 1019 606 vel
1034 553 1091 626 peti

127 633 205 690 solita
236 649 312 705 esse,
340 631 383 688 vel
411 632 443 688 ab
473 633 637 706 Imperatore
661 633 724 689 olim
748 632 841 689 donari
864 632 1007 707 potuisse?
1039 636 1091 690 nisi

124 717 196 774 forte
219 716 292 792 quod
319 717 406 773 multo
435 725 497 774 aute
525 717 637 772 101010
664 715 801 774 factitasse
823 719 970 775 Antonium
999 717 1093 775 scribit

127 801 303 873 Plutarchus,
332 801 359 857 id
381 800 591 875 Imperatoribus
615 803 784 858 usuvenerit:
812 801 886 875 quod
913 803 1092 875 0011010110-

125 885 174 942 bro
197 903 253 941 000
276 886 381 960 placet,
405 887 452 959 qui
474 888 612 960 pertinere
635 885 753 942 edietum
775 886 849 944 istud
870 895 948 960 putat
971 885 1004 942 ad
1028 889 1094 943 titu-

126 970 180 1026 lum
204 969 238 1026 de
259 969 441 1026 petitionibus
470 971 606 1026 bonorum
628 970 759 1027 sublatis:
789 973 826 1027 ita
848 979 879 1026 ut
907 972 991 1027 011000
1013 971 1093 1028 iutel-

70 1086 73 1092 ,
125 1053 173 1128 ligi
196 1054 321 1135 debcant,
345 1071 375 1110 ea
397 1055 500 1111 scilicet
522 1060 592 1128 quae
614 1071 722 1111 reorum
745 1055 864 1129 quidem,
887 1055 933 1111 sed
956 1036 1093 1112 indemna-

125 1147 216 1196 torum
238 1139 325 1195 adhuc
354 1149 381 1195 et
402 1141 548 1196 viventium
576 1139 645 1196 bona
667 1147 746 1210 sunt,
775 1143 895 1214 itemque
917 1140 1018 1196 caduca
1044 1157 1094 1196 seu

125 1225 259 1280 vacantia:
293 1225 376 1279 immo
404 1240 468 1279 vero
497 1224 577 1280 etiam
605 1224 794 1288 damnatorum
821 1233 849 1280 et
877 1227 1094 1298 proscriptorum

124 1307 205 1378 bona,
228 1323 297 1380 quae
320 1317 410 1364 101000
432 1306 497 1364 fisco
520 1309 655 1379 nuntiata,
678 1309 800 1364 nondum
815 1309 915 1378 addita,
938 1325 988 1364 seu
1003 1310 1092 1366 incor-

124 1400 220 1466 porata
242 1400 318 1466 sunt,
340 1409 401 1449 eum
423 1393 490 1448 haec
513 1409 623 1466 qnoque
647 1392 731 1448 aliena
752 1391 951 1466 quodammodo
974 1410 1034 1449 esse
1056 1395 1095 1449 vi·

125 1477 250 1533 deantur.

191 1556 270 1633 151,
295 1559 343 1618 15.
374 1551 589 1635 Κυντιλιανόν]
625 1559 709 1628 Quem
737 1561 902 1629 Quintillum
929 1561 1094 1616 10001110-

124 1643 221 1702 bellios
242 1645 345 1717 Pollio,
369 1654 400 1703 ut
422 1653 450 1702 et
471 1645 604 1719 Vopiscus
625 1646 653 1701 in
675 1645 835 1704 Aureliano:
858 1636 1023 1703 1111001100
1045 1645 1094 1702 Zo-

125 1731 207 1787 simus
230 1729 277 1790 lib.
300 1731 328 1789 1.
352 1746 376 1788 c.
399 1727 450 1792 47.
737 1783 741 1794 .

192 1816 269 1886 151,
299 1814 349 1871 22.
389 1801 462 1870 imi
490 1809 541 1871 col
567 1807 638 1870 δέκα
664 1801 788 1890 ἡμέρας]
823 1814 861 1870 110
888 1815 967 1871 etium
988 1814 1092 1872 Pollio:

127 1899 221 1956 Victor
242 1899 335 1972 paucis
358 1898 451 1956 diebus
474 1899 615 1974 imperium
640 1901 758 1955 tenuisse
780 1897 939 1966 Quintillum
963 1901 1009 1956 011.

191 1983 271 2056 152,
294 1983 343 2042 26,
374 1972 412 2056 ἣν
436 1977 510 2040 ἔνιοι
532 1976 588 2057 μὲν
609 1979 649 2050 εἰς
666 1974 796 2060 Ῥώμην]
825 1983 927 2040 Locum
949 1985 1022 2041 huuc
1043 1984 1094 2040 Zo-

127 2083 207 2124 narae
230 2068 357 2142 expendit
381 2069 501 2144 Scaliger
523 2070 554 2124 ad
577 2067 720 2126 Eusebium
742 2087 770 2143 p.
795 2068 867 2126 239.
891 2068 956 2125 edit.
980 2086 1035 2126 sec.

192 2150 264 2222 153,
288 2153 337 2210 13.
368 2148 419 2209 καὶ
443 2149 502 2209 coir
525 2147 637 2223 ἔξωθεν
660 2147 848 2230 φερομένων]
878 2151 982 2220 Quibus
1004 2152 1091 2210 verbis

124 2236 352 2309 frumentorium
366 2237 504 2310 describit,
527 2247 558 2294 ut
574 2238 701 2294 observat
715 2237 899 2294 Gasanbonus.
924 2237 989 2294 Vide
1005 2237 1094 2294 Gloss.

126 2321 197 2381 med.
222 2321 281 2379 Lat.
745 2341 758 2372 1
1124 2369 1132 2396 ,

194 2405 269 2478 153,
293 2405 344 2464 24.
375 2403 480 2480 μηνῶν
502 2397 625 2482 ὀλίγων]
659 2405 759 2463 Minus
777 2409 884 2478 paucis
904 2405 1021 2476 diebus,
1043 2404 1096 2460 Vo-

127 2505 231 2564 piscus.
1124 2519 1125 2522 ¹

195 2573 265 2646 153,
290 2574 339 2633 28.
368 2564 402 2630 τὸ
426 2563 651 2651 στρατιωτικὸν]
675 2575 757 2648 Atqui
780 2575 888 2630 'laeitns
911 2573 1060 2646 imperator
1081 2591 1097 2629 a

129 2658 232 2716 Senatu
254 2660 369 2732 electus,
391 2677 446 2716 non
471 2678 484 2716 0
507 2659 648 2730 militibus,
672 2667 704 2716 ut
724 2657 818 2716 scribit
833 2659 983 2732 Vopiscus:
1007 2671 1097 2730 neque

128 2759 226 2800 eorum
248 2746 381 2802 sententia
403 2747 552 2819 requisita,
582 2747 688 2801 tametsi
715 2743 872 2801 Praefectus
901 2741 975 2798 urbis
1004 2741 1096 2797 Aelius

129 2826 336 2886 Caesianus-sic
358 2831 506 2887 exercitum
529 2837 571 2886 est
586 2829 721 2887 allocutus
743 2831 771 2885 in
786 2828 885 2901 Campo
901 2827 1010 2883 liartio:
1042 2827 1097 2883 Vos

128 2916 306 2970 sanctissimi
329 2917 446 2986 milites,
474 2923 501 2971 01
524 2917 716 2972 sacratissimi
742 2929 792 2971 vos
816 2911 957 2981 Quirites,
984 2912 1097 2968 bebetis

127 2997 312 3070 Principem,
328 3015 411 3072 quem
425 3001 460 3056 de
476 3003 618 3057 sententia
634 3003 757 3057 omnium
772 3000 955 3054 exercituum
971 2995 1097 3052 Senatus

129 3085 224 3160 clepit,
249 3083 379 3141 Tacitum
394 3087 468 3155 dico,
490 3087 721 3158 oupustissimum
737 3086 828 3140 airum
844 3090 895 3137 etc.

196 3166 273 3238 156,
298 3169 347 3226 10.
377 3155 446 3234 τούς
468 3162 593 3235 οἰκείους
615 3155 713 3242 υἱοὺς]
741 3166 809 3222 Η100
831 3167 859 3221 10
878 3165 970 3240 legum
993 3163 1097 3238 aliquot

130 3249 192 3306 Cari
213 3251 451 3326 inscriptionibus:
474 3253 690 3326 1100000000,
708 3252 841 3320 Curinus,
858 3259 886 3308 ci
903 3251 1097 3313 Numerianus

129 3337 166 3390 A.
183 3337 215 3392 A.
230 3339 263 3392 Α.
287 3337 361 3410 quod
385 3337 556 3394 observatum
580 3355 594 3394 a
616 3335 791 3406 Gasaubono,
814 3336 860 3408 qui
882 3334 909 3390 id
930 3333 1059 3390 Zonararn
1082 3348 1098 3388 0

129 3419 220 3492 probo
243 3421 359 3494 quodam
381 3429 492 3479 auctore
515 3424 653 3497 accepisse
676 3423 817 3477 existimat.

198 3505 272 3576 156,
298 3505 348 3564 24.
378 3497 529 3583 Γαλάτης]
556 3507 585 3564 11
607 3515 650 3563 est
671 3507 791 3582 Gallus,
813 3505 903 3578 inquit
924 3498 1097 3573 Casaubonus
