2550 3854
204 223 263 287 128
536 224 818 276 numerationes

203 365 260 421 Ost.
285 366 314 437 1,
338 363 388 421 37.
425 363 555 422 Seodaa:
583 365 699 438 denique
722 366 826 420 auctori
850 363 976 422 Chroniei
998 363 1026 422 S.
1050 365 1170 424 Vincen-

203 449 288 506 tilde
311 449 444 506 Vulturno
468 449 613 522 Saapdam
636 449 743 509 dicitur.
781 450 834 504 Tot
855 449 941 524 igitur
963 452 1088 524 oppressi
1110 467 1169 506 ma-

201 533 234 589 lis
271 533 427 608 crebrisque
461 534 654 589 Saracenorum
690 530 893 590 excursionibus
923 533 1028 608 fatigati
1055 534 1167 609 Longo-

201 617 279 675 bardi
310 619 417 690 legatos
453 617 485 674 ad
518 617 645 672 Basilium
681 619 814 674 miserunt
854 634 933 692 opem
973 627 1166 692 exposcentes,

202 703 380 759 voluntariam
403 710 544 776 praeterea
567 700 761 758 subiectionem
779 703 905 776 polliciti:
930 701 1028 777 quibus
1050 703 1098 760 ille
1120 703 1166 759 ad-

201 789 290 844 missis
313 803 368 842 non
391 787 472 842 modo
494 785 652 842 destinatam
675 805 725 860 pro
745 786 870 844 Dalmatis
892 787 1003 844 classem
1026 789 1053 842 in
1069 803 1167 844 eorum

202 872 350 929 subsidium
373 872 456 944 misit,
478 871 526 926 sed
543 879 570 926 et
584 870 731 928 Romanum
748 873 902 928 Antistitem
923 879 950 928 et
965 870 1131 928 ludovicum
1145 872 1167 928 ll

120 999 130 1014 .
201 957 409 1031 Imperatorem,
435 963 466 1011 ut
489 957 546 1011 suis
568 957 653 1029 copiis
676 959 790 1014 miseros
813 956 894 1013 italos
917 955 1088 1026 adiuvarent,
1116 973 1167 1031 per

201 1041 331 1116 epistolas
353 1039 468 1113 impulit.
497 1039 535 1096 lta
559 1039 666 1113 quidem
682 1039 934 1116 Porpbyrogenitns
957 1041 984 1098 in
1006 1040 1115 1112 basilio,
1139 1049 1166 1096 et

202 1141 234 1181 ex
257 1142 290 1182 eo
313 1124 405 1180 Graeci
432 1125 589 1198 scriptores.
634 1127 668 1179 At
691 1123 795 1198 Latini,
824 1124 1032 1200 Erchempertus
1061 1125 1166 1182 scilicet

201 1218 230 1266 et
251 1218 348 1266 auctor
369 1207 494 1266 Chronici
522 1208 550 1266 S.
573 1208 721 1282 Vincentii,
751 1220 891 1268 evocatum
914 1209 1027 1266 tradunt
1049 1209 1164 1265 budovi·

140 1343 146 1359 .
201 1310 262 1352 cum
285 1310 300 1353 a
322 1292 453 1367 Capuanis
476 1301 504 1350 et
525 1293 736 1365 beneventanis,
759 1297 919 1353 Beaeoeati
941 1297 1017 1368 fiaes
1032 1309 1091 1368 per
1113 1293 1163 1351 So-

201 1395 266 1435 ram
281 1379 453 1453 inpressam,
476 1376 635 1452 Capuaque,
657 1379 735 1435 cuius
757 1379 887 1455 Princeps
910 1377 1096 1449 rebellaverat,
1121 1395 1165 1435 ex·

151 1475 185 1526 84
201 1472 332 1538 pugnata,
347 1478 418 1518 anno
434 1465 569 1536 sequenti,
590 1463 687 1519 maltis
697 1463 808 1535 fultam
823 1465 1046 1522 auxiliatoribus
1062 1463 1166 1519 Barim

199 1551 387 1620 perrexisse,
409 1563 446 1603 aa
463 1563 527 1605 eum
540 1548 693 1620 praedicto
710 1548 857 1621 Scaptium
871 1549 1057 1623 Aapastalem
1078 1563 1165 1604 exer·

202 1636 288 1690 citam
309 1649 439 1705 papaam
465 1636 652 1703 commisisse,
688 1631 845 1706 sedisseque
872 1633 1032 1690 Saracenos:
1067 1631 1166 1688 deinde

201 1716 327 1772 Materam
351 1732 522 1789 expugnasse
543 1733 574 1772 ac
596 1714 755 1787 Canusium3
782 1733 919 1774 reversum
943 1716 1059 1790 denique
1080 1715 1165 1772 Beue·

201 1809 319 1870 ventum,
337 1817 400 1856 cam
417 1799 563 1857 Saraceni
577 1801 617 1864 od
631 1806 841 1858 eatremitatem
852 1805 1062 1874 pervenissent,
1078 1803 1164 1858 misso

202 1888 334 1942 exercita
356 1885 458 1940 Barim
480 1889 599 1956 cepisse,
622 1893 708 1957 copto
729 1890 759 1944 ia
776 1903 810 1942 ea
827 1887 983 1960 Saapdaae
1005 1887 1093 1959 effert
1116 1879 1164 1960 (al.
1261 1931 1264 1938 ⁴

202 1969 295 2040 effero
311 1964 392 2044 repe)
410 1985 474 2024 cara
490 1971 556 2026 aliis
572 1971 741 2026 satellitibus
761 1975 832 2028 eius.
876 1971 975 2027 Similia
998 1978 1089 2027 narrat
1108 1968 1164 2026 Leo

202 2051 335 2108 Ostiensis
360 2053 394 2124 1,
417 2053 468 2124 37,
492 2055 538 2126 qui
560 2052 757 2128 expeditionem
779 2055 908 2112 budovici
930 2057 957 2112 in
980 2071 1079 2112 annum
1101 2053 1164 2111 866

202 2137 324 2208 coniicit,
353 2137 494 2210 Barimque
516 2146 633 2212 quatuor
661 2140 737 2196 annis
761 2138 793 2195 ab
817 2156 849 2196 eo
876 2139 1012 2196 obsessam
1036 2142 1087 2210 ait,
1116 2137 1164 2195 sed

200 2219 365 2278 ludovicum
393 2220 482 2278 basilii
511 2222 596 2297 copiis
625 2224 765 2280 maritimis
794 2233 952 2281 terrrestres
978 2242 1040 2281 suas
1069 2223 1164 2280 adiun-

202 2306 285 2377 xisse‚¹
307 2322 413 2380 unaque
436 2315 464 2362 et
485 2306 566 2362 simul
588 2307 674 2362 Barim
698 2307 835 2364 obsedisse
858 2325 910 2382 par
925 2317 968 2365 est
982 2309 1103 2378 credere,
1126 2309 1163 2364 si·

202 2389 309 2463 quidem
337 2407 430 2446 verum
453 2392 502 2454 sit,
531 2400 606 2465 capta
637 2391 810 2450 aLudovico
832 2392 891 2448 llari
920 2393 962 2450 die
986 2395 1064 2450 tertia
1086 2391 1164 2448 Febr.

201 2489 271 2529 anno
294 2473 355 2532 868
378 2474 433 2530 ind.
451 2476 479 2547 1
502 2484 533 2531 ut
556 2485 598 2532 est
613 2476 683 2549 apud
699 2475 804 2550 Lupum
819 2476 1027 2551 Protospatbam
1050 2486 1078 2534 et
1092 2478 1164 2533 bno·

200 2573 310 2632 nymum
334 2559 493 2632 barensem,
521 2561 655 2617 civitatem
678 2561 762 2658 ipsam
785 2561 899 2634 Basilio,
928 2561 1086 2620 Soldanum
1098 2578 1163 2618 vero

200 2639 368 2701 Lndovico
361 2660 388 2700 nx
410 2642 474 2700 belli
483 2646 644 2746 ⁸praemium
667 2646 798 2736 cessisse,
823 2654 852 2701 ut
873 2645 974 2703 diserte
995 2647 1077 2703 habet
1096 2644 1163 2702 Por-

200 2726 418 2802 phyrogcnitus·
440 2715 546 2785 καὶτὸ
567 2721 623 2800 μὲν
645 2740 774 2804 aaarpor
795 2723 933 2826 Βάρεας,
956 2723 1007 2786 aui
1029 2717 1085 2802 τὴν
1107 2747 1163 2803 χα-

201 2827 274 2882 par,
301 2805 353 2866 acri
376 2805 432 2904 τὴν
454 2807 654 2909 αἰχμαλωσίαν
675 2809 775 2869 πᾶσαν
796 2803 1000 2912 ἆνελαβενο
984 2833 1012 2873 o
1024 2807 1164 2889 βασιλεὺς

197 2885 361 2966 Ῥωμαίων·
389 2882 440 2954 τὸν
463 2890 495 2953 δὲ
518 2887 673 2956 Σολδανὸν
699 2892 750 2954 καὶ
779 2889 847 2968 reale
876 2891 999 2970 λοιποὺς
1021 2898 1161 2996 Σαρακη-

200 2973 272 3046 νούς
293 2969 453 3078 ἆνελάβετο
476 2972 668 3077 Δολοῆχος
653 3003 669 3043 o
689 2970 756 3057 Ρηξ
778 2981 945 3061 epoptas,
972 2971 1061 3040 aal'
1045 2978 1162 3060 curipa-

199 3083 252 3142 γεν
273 3053 381 3135 αὐτους
403 3061 436 3124 iv
458 3063 500 3148 cpi
522 3081 638 3145 καστρῳ
653 3065 749 3143 Βενεβ
749 3063 846 3126 ἑ.νόου
879 3072 917 3128 Et
938 3071 1037 3127 urbem
1052 3072 1161 3144 quidem

201 3153 306 3222 Baria,
331 3160 474 3226 totamque
489 3158 633 3226 repioaem
655 3172 691 3212 ae
704 3157 846 3224 praedam
862 3159 1027 3212 aairersam
1042 3157 1097 3212 sibi
1110 3153 1161 3211 lvo·

200 3236 260 3294 bair
271 3235 437 3308 Imperator
448 3238 659 3296 Romanorum:
675 3239 833 3296 Saldaaum
848 3248 943 3297 autem
957 3255 1023 3298 cum
1038 3242 1163 3296 caeteris

202 3319 362 3377 Saracenis
388 3336 445 3378 rex
466 3322 615 3380 Fraaciac
634 3324 812 3399 Ladovicus,
840 3330 868 3381 et
889 3325 1085 3382 Beneventum
1112 3324 1162 3382 od·

201 3406 294 3464 duait
339 3404 437 3460 Vertun
464 3422 496 3462 an
524 3407 574 3462 ista
603 3405 682 3464 fidem
711 3409 821 3464 omnino
850 3415 1022 3490 mereantur,
1050 3407 1163 3467 dulium

202 3487 266 3543 lacit
289 3488 363 3563 quod
385 3488 495 3545 tradunt
518 3489 598 3547 iidem
622 3491 846 3567 Frcbembertus,
870 3501 965 3550 auctor
987 3493 1112 3550 Cbromel
1134 3492 1162 3549 S
