2548 3850
501 266 551 318 nn
569 265 653 320 von.
673 267 725 322 111.
968 251 970 260 '
1059 263 1101 328 69

1 397 10 445 Τ
127 415 186 464 tum
211 406 239 463 S.
264 403 402 462 Barnabae
426 421 537 480 corpus,
561 421 622 463 curn
645 405 736 462 Sancti
752 405 879 463 Matthaei
894 404 1049 482 Evangelio,
1071 407 1100 462 iu
1118 395 1177 467 ti¹
1253 404 1258 413 '

125 491 216 548 insula
240 490 344 565 Cypro:
369 489 443 564 quot
464 489 574 565 quidem
588 488 765 589 Euangellum
788 491 817 546 in
831 487 926 548 Palatii
950 492 1099 548 oratorium

127 575 245 648 illatum,
267 582 297 631 et
318 575 466 649 quotannis
488 573 556 631 feria
571 577 665 650 quinta
680 576 791 632 maioris
806 573 998 644 hebdomadis,
1021 577 1050 632 in
1065 590 1099 631 eo

1 658 3 724 l
71 669 73 675 “
126 659 334 736 Evangelium
326 675 354 715 m
376 659 460 716 sacris
482 657 600 734 liturgiis
623 659 679 735 legi
694 659 806 716 solitum
821 659 918 717 scribit
940 667 1035 716 auctor
1049 674 1100 720 ms

1 727 3 802 i
126 745 235 802 Periodi
257 753 285 802 et
307 743 426 818 blartyru
446 742 474 802 S
490 743 640 801 barnabae:
663 737 822 813 ἐπινεύσας
844 735 913 802 tt
898 763 914 802 ο
939 736 1101 810 ἐπίσκοπος

1 826 2 832 ’
126 820 299 886 ἀπέστειλεν
320 821 374 884 ἕνα
394 823 456 884 νύν
483 821 541 886 σύν
563 815 647 908 αύειρ
669 817 843 886 ἐπισκόπων
858 821 944 925 μετα
974 825 1028 884 τοῦ
1049 843 1100 884 πι-

126 903 268 972 σεοιύιον
268 901 458 1012 ύγθριύιιοα
478 928 532 970 εον
519 884 701 989 βασιλέως,
724 907 775 970 καὶ
791 903 987 990 λαβύνεεςὸ
953 931 969 970 ι
1012 905 1101 988 εύαγ·

126 987 277 1076 γέλιον,’
259 989 413 1100 ανήγαγον
435 990 467 1054 ἐν
481 989 819 1102 Κωγσεανιινονπύλει,
843 993 912 1076 ἔχον
933 992 1102 1056 tonstrua

127 1077 228 1156 ξύλων
248 1075 286 1142 τύ
308 1075 426 1160 πεύχια.
463 1075 565 1159 latiale
587 1076 621 1142 δὲ
638 1077 794 1160 βασιλεύς,
815 1077 868 1142 καὶ
884 1073 1101 1156 καταφιλήσας,

126 1163 178 1226 καὶ
201 1165 310 1250 χρυσίιγ
332 1161 576 1243 καεακοσμῆσας,
603 1156 733 1227 ἀπέθετο
756 1162 789 1226 ἐν
809 1169 854 1249 τῷ
874 1165 1024 1242 molarios,
1048 1160 1100 1224 καὶ

127 1249 230 1332 μέχρις
251 1253 305 1329 τῆς
327 1245 459 1330 σήμερον
479 1245 673 1328 φολύεεεεαι·
697 1247 730 1311 ἐν
750 1248 810 1330 γαρ
831 1251 869 1336 τῇ
890 1243 1005 1350 μεγάλη
1025 1246 1102 1347 πέμ·

112 1353 203 1436 -πεη
209 1335 263 1396 τού
285 1331 409 1442 Πύσχα,
438 1329 512 1394 καθ’
539 1333 664 1396 ἕκαστον
691 1333 833 1396 ἐνιαυτὸν
851 1315 895 1397 ἕν
922 1326 1003 1418 αύεοο
1030 1323 1104 1395 σἰνα·

128 1415 325 1500 γινώσκουσιν
345 1443 378 1483 το
401 1410 573 1519 εύαγγέλιογ
594 1417 627 1480 ἐν
641 1441 683 1502 ιφ
672 1411 852 1499 εύκεηρίοο
866 1441 921 1481 τον
907 1419 1101 1482 Παλατίου.

194 1507 267 1584 aas,
291 1509 342 1567 οι.
374 1502 526 1586 εγγριφοι
549 1480 709 1584 ὁμοιογὶιι
729 1505 782 1584 τῆς
802 1480 937 1586 uicena]
961 1508 992 1564 v
1012 1507 1103 1566 eroes.

129 1594 199 1653 med.
222 1594 337 1652 Graecit.
367 1597 395 1650 in
418 1587 579 1671 ἔγγραφον
622 1594 779 1650 Anastasius
801 1591 870 1650 bibl.
893 1595 921 1650 in
943 1593 1042 1649 Ioanne
1064 1591 1098 1651 ll.

129 1679 180 1738 PP.
203 1679 237 1736 de
259 1679 418 1736 lustiniarro.
448 1678 529 1736 Misit
552 1680 639 1752 fialam
659 1695 742 1736 suom
764 1679 962 1754 chiroyropho
981 1680 1105 1749 propria

130 1768 241 1837 empto
257 1766 297 1821 acl
310 1764 413 1822 Saulem
427 1762 633 1836 Apostolicom.
663 1761 739 1820 Adde
754 1762 892 1821 Victorem
911 1759 1105 1820 'l'ununensem

129 1851 158 1906 im
180 1848 282 1905 Chron.
305 1855 334 1905 et
356 1847 435 1904 alios.

196 1931 273 2005 258,
297 1933 347 1992 23.
378 1923 450 2006 μετὰ
472 1927 546 2011 γὰρ]
577 1931 678 2008 Euagr.
703 1933 734 2005 3,
759 1930 807 1994 10.
831 1933 880 1990 11.
906 1931 956 1990 12.
982 1931 1031 1988 13.
1055 1929 1105 1992 33.

131 2017 277 2078 llarcallin.
299 2017 395 2076 Comes
418 2017 452 2076 ad
474 2034 519 2076 an.
542 2017 562 2076 4
585 2025 615 2076 et
637 2017 668 2076 b.
691 2017 786 2078 hnast.

197 2097 271 2175 260,
296 2104 323 2160 1.
353 2094 405 2170 τὰς
426 2095 484 2180 γὰρ
507 2095 662 2171 πολιτικὰς
683 2094 792 2180 ύρχᾶς]
815 2101 854 2158 lta
877 2103 956 2158 etlam
977 2099 1104 2157 l’heodo·

2 2189 6 2264 ’ξ
131 2205 179 2246 rus
203 2186 301 2245 Lector
322 2186 378 2248 Ecl.
397 2187 425 2249 2.
471 2185 572 2246 Contra
592 2187 707 2244 loannes
730 2187 915 2243 Antiochense
937 2183 1032 2242 scribit
1052 2184 1105 2240 bla-

133 2275 267 2375 χίεῑεοῑσο
289 2275 379 2366 pretio
402 2272 523 2330 addictos
546 2273 669 2348 pessimis
692 2271 756 2328 viris
771 2271 955 2327 concessisse·
977 2261 1107 2343 adculo

134 2377 228 2436 αρχας
249 2344 366 2428 απύσας
387 2345 585 2433 ἆπεμπολοῖν,
613 2349 664 2411 καὶ
686 2355 749 2422 τοῖς
771 2339 909 2410 ἀδικοῦσι
931 2347 1105 2452 συγχωρῶν

200 2441 271 2514 260,
296 2441 326 2500 4
357 2435 573 2520 Συγχνεικων]
597 2439 652 2499 Seu
666 2437 914 2515 Eutychianorum
937 2438 1039 2513 quippe
1053 2435 1106 2493 Eu·

134 2529 248 2626 tyches,
274 2535 306 2584 ut
328 2538 370 2586 est
392 2527 465 2603 apud
487 2526 661 2584 Timotheum
682 2523 893 2626 Presbyterum,
915 2518 978 2580 νύν
998 2517 1108 2578 διττῶν

134 2603 256 2688 φύσεων
286 2604 345 2710 νηγ
372 2605 428 2688 μὲν
449 2603 560 2669 ἕνωσιν
585 2601 735 2712 ὁμολογεῖ,
763 2603 821 2684 τὴν
843 2599 875 2665 δὲ
904 2597 972 2662 κατ’
1002 2598 1107 2664 ούσίαν

136 2685 335 2772 διαφοραν’
316 2699 470 2774 αρνεῖιαι,
497 2687 550 2753 καὶ
576 2687 721 2798 σύγχυσιν
749 2691 810 2752 τῶν
838 2681 961 2765 φύσεων
987 2679 1107 2766 εἰσύγει.

134 2783 266 2840 Leontius
288 2783 322 2840 dc
344 2783 442 2842 scotis:
463 2773 539 2839 bl
506 2775 539 2838 δὲ
560 2772 701 2856 Εύενχὴς
722 2770 826 2855 μίαν*
808 2769 973 2836 νπύσιασιν
996 2769 1106 2853 ἔλεγεν,

135 2860 188 2924 καὶ
208 2859 356 2964 τοσαύτην
371 2862 483 2965 ἔλεγεγ
484 2861 604 2925 ινύσθαι
621 2859 731 2925 ἕνωσιν
753 2861 807 2922 τοῦ
821 2857 898 2920 θεοῦ
912 2853 1018 2938 Λόγον
1031 2855 1109 3002 πρὸς

134 2947 191 3011 νύν
211 2938 397 3050 ἄνθρωπον,
426 2941 571 3009 ὥστεκαὶ
597 2947 671 3026 μίαν
692 2941 786 3024 φύσιν
812 2935 1107 3018 ύποιελεσθῆναιέκ

134 3035 198 3096 τοῖν
219 3029 283 3098 δύο.
326 3040 362 3096 ht
382 3037 454 3095 idem
482 3036 614 3097 Leontius
636 3037 808 3092 Anastasium
836 3035 874 3090 alt
904 3032 989 3090 inisse
1011 3047 1107 3089 eornm

136 3126 297 3197 haereseos,
327 3139 397 3198 quos
426 3114 685 3198 Διακρινομένονς
713 3117 897 3195 appellabant:
927 3118 973 3193 qul
1003 3116 1108 3174 scillcet

136 3218 201 3284 post
223 3208 364 3284 synodum
385 3205 644 3278 chalcedonensem,
666 3213 694 3262 et
714 3203 869 3260 damnatum
891 3202 924 3259 ab
947 3218 978 3259 ea
999 3203 1109 3258 lliosco·
1229 3271 1231 3276 Α

137 3307 214 3366 rum,
241 3295 289 3369 qai
310 3293 384 3351 illius
410 3299 503 3390 partes
531 3289 720 3361 sectabantur,
749 3277 918 3360 ἀπέστησαν
945 3283 998 3358 τῆς
1019 3277 1108 3385 ἆγίας

138 3370 312 3482 ἐκκλησίας,
340 3370 391 3434 καὶ
419 3366 579 3475 ὠνόμασαν
607 3367 735 3442 ἑαυτούς
759 3365 1031 3508 Διακρινομύνοιις,
1058 3360 1109 3426 δια

137 3456 172 3520 ab
196 3455 405 3540 διακρίνεσθαι
427 3447 538 3530 αύτούς
558 3459 717 3518 κοινωνεῖν
738 3455 776 3539 τῇ
797 3448 871 3537 ἆγία
893 3448 1051 3534 ἐκκλησία,
1076 3462 1109 3510 ut

139 3555 182 3608 est
197 3545 269 3625 apud
283 3547 399 3606 eundem
414 3545 595 3607 Timotheum.
629 3543 733 3604 llorum
746 3545 871 3602 meminit
883 3541 955 3599 idem
970 3538 1109 3600 Leontius
