2548 3850
520 227 570 278 AD
588 228 671 281 VOL.
691 226 741 282 III.
1075 224 1117 290 39

145 363 269 439 seleuci,
293 360 344 422 uui
367 361 585 445 παραφολαααί
605 384 682 435 τινες
696 354 785 442 ἦσαν,
808 349 889 435 ὅπως
911 360 959 440 εἴη
975 365 1116 441 Χριστια-

148 442 203 522 utiq
248 446 358 520 ἕαιος.
550 487 552 494 1

214 448 293 610 Mlti,
316 536 365 594 27.
391 528 453 591 ,καὶ
475 525 580 616 ἀγαθῇ
602 525 690 615 τύχῃ]
715 536 810 592 iuliani
832 535 988 593 felicitatem
1011 537 1117 610 praedi·

150 630 192 680 cat
208 622 289 678 etiam
304 622 458 678 Ammianus
480 639 509 696 p.
526 619 598 678 293.
636 622 776 678 Felicitas
795 625 836 678 ita
851 622 977 692 eminuit,
1000 628 1032 678 ut
1046 624 1117 692 ipsis

149 708 354 780 quodammodo
377 706 538 764 ceruicibus
556 705 697 778 fortunae
713 707 890 779 aliquamdiu
906 706 997 762 bonae
1011 707 1116 779 puber·

150 794 273 848 natricis
295 796 418 861 erectius,
436 794 597 848 victoriosis
612 791 947 864 cursibusdifficultates
962 797 1118 862 superaret

151 880 314 933 immensas.
543 927 545 932 .

194 953 274 1032 204,
299 959 348 1017 18.
385 952 564 1032 ζητουμένου
595 953 626 1016 δὲ
656 948 850 1036 διαδήματος]
886 959 925 1015 lta
946 959 1117 1016 Marcellinus

153 1044 200 1104 lib.
223 1043 264 1102 20
286 1062 312 1118 p.
331 1043 400 1107 160.
425 1045 452 1100 1.
482 1044 547 1101 edit.
570 1052 679 1118 praeter
701 1044 794 1102 lulian.
817 1046 844 1101 in
860 1042 947 1118 Epist.
963 1043 996 1101 ad
1012 1042 1116 1100 Athen.

149 1137 180 1186 et
201 1125 341 1185 Libanium
363 1130 390 1184 in
414 1127 489 1186 Orat.
512 1128 628 1185 funebri.

217 1212 288 1283 204,
314 1213 363 1270 23.
394 1200 518 1287 χρύσεον
535 1201 691 1290 στρεπτὸν]
718 1213 796 1271 Certe
813 1215 917 1289 torquis
940 1213 985 1270 ille
1008 1229 1116 1275 aureus,

152 1295 258 1364 λίθους
280 1291 357 1372 ἔχων
371 1291 578 1372 χρυσοδέτοος,
600 1299 693 1372 potuit
714 1298 851 1370 diadema,
875 1291 939 1373 quo¹
953 1297 1044 1354 eiusce
1059 1299 1118 1353 aevi

155 1381 302 1438 utebantur
324 1383 456 1457 Augusti.
478 1391 553 1439 recte
576 1381 722 1457 elingere:
741 1385 844 1458 primus
866 1390 967 1451 autem,
991 1383 1031 1438 uti
1053 1383 1119 1438 scri·

156 1467 196 1522 bit
217 1467 343 1538 Zonaras,
368 1466 562 1525 Constantinus
583 1466 696 1541 Magnus
718 1468 870 1542 margaritis
894 1475 922 1522 et
943 1467 1042 1540 lapillis
1065 1465 1119 1522 dia·

152 1551 234 1608 dema
256 1553 405 1608 exornavit.
450 1551 514 1608 Vide
537 1552 676 1611 Dissertat.
701 1551 741 1607 24
769 1551 802 1606 ad
824 1550 972 1607 loinvillam
997 1569 1024 1625 p.
1048 1549 1119 1607 290.

218 1635 298 1706 205,
322 1635 352 1693 3.
388 1631 503 1704 ἵππους
518 1627 561 1706 ,ἐξ
582 1627 749 1712 Ἱσπανίας]
783 1634 901 1692 lulianus
928 1636 988 1709 ipse
1015 1635 1043 1691 in
1070 1634 1121 1691 hac

152 1719 275 1794 Epistola
303 1719 336 1776 ad
364 1720 569 1792 Constantium,
599 1721 670 1795 apud
693 1721 860 1776 ammianum
888 1721 907 1780 l.
931 1719 972 1778 20
996 1737 1023 1793 p.
1048 1717 1117 1776 168.

154 1807 255 1879 Equos
264 1807 413 1878 praebebo
429 1807 547 1862 curules
563 1805 725 1879 Hispanos,
751 1813 778 1862 et
792 1807 954 1863 miscendos
968 1803 1120 1878 pentilibus

154 1897 241 1964 atque
262 1893 402 1948 scutariis
424 1891 621 1948 adolescentes
640 1893 733 1964 lectos
754 1892 904 1964 quosdam,
929 1898 983 1946 etc.
1028 1887 1119 1962 Equos

152 1973 289 2048 Hispanos
317 1975 426 2032 curules
454 1975 641 2032 commendant
663 1975 793 2050 vegetius
820 1975 838 2032 l.
862 1974 882 2030 4
912 1976 977 2031 artis
999 1973 1119 2030 Veterin.

152 2075 178 2116 e.
196 2059 225 2116 6.
249 2057 312 2116 Lex.
331 2060 357 2115 1.
392 2059 456 2116 (lod.
473 2060 522 2118 'lb
539 2060 578 2116 sae
602 2059 683 2134 Equis
698 2060 814 2120 curulib.
834 2059 1019 2134 Symmachus,
1043 2057 1120 2114 Clau·

154 2143 257 2207 dianus,
280 2153 308 2200 et
330 2143 383 2200 alii.

220 2227 292 2300 205,
308 2228 357 2287 20.
386 2225 429 2305 uqi
443 2220 499 2302 piu
514 2224 708 2305 Kotaiocmqu]
733 2228 902 2285 Marcellinus
921 2227 941 2286 1.
959 2227 1000 2285 20
1014 2244 1040 2300 p.
1060 2225 1120 2283 170

154 2311 188 2368 de
210 2310 317 2369 Leona:
340 2320 428 2387 utque
450 2314 481 2370 id
497 2313 591 2386 facile
610 2314 735 2386 formido
750 2318 957 2370 intentatorum
978 2311 1121 2382 efficiens,

155 2399 231 2454 uelut
246 2401 358 2472 maquis
373 2399 482 2455 uiribus
493 2398 603 2470 fretus,
626 2403 655 2454 in
670 2401 760 2459 locum
776 2399 919 2454 Florentii
933 2395 1123 2466 Praefectum

156 2480 312 2540 Praetorio
335 2484 514 2554 Nebridium,
539 2491 596 2540 tum
619 2483 807 2551 Quaesturam
828 2482 954 2538 eiusdem
975 2479 1122 2549 Caesaris,

152 2574 351 2638 promoverat,
368 2575 421 2624 etc.
467 2565 499 2623 Et
520 2566 539 2623 l.
563 2560 603 2622 21
626 2568 715 2637 initio,
738 2565 772 2622 de
793 2565 913 2622 iuliano:
931 2567 1022 2638 parri
1035 2567 1123 2638 iqitur

156 2651 262 2708 habitis
283 2668 359 2725 quae
379 2667 434 2724 per
449 2653 574 2708 Leonam
591 2652 776 2710 Constantius
790 2654 968 2722 scripserat,
987 2651 1123 2722 nulloque

156 2735 277 2792 arbitrio
293 2741 355 2793 eius
367 2742 563 2809 promotorum
579 2743 723 2809 suscepto,
737 2742 859 2807 praeter
871 2735 1047 2804 Nebridium,
1071 2741 1122 2790 etc.

222 2819 296 2884 210,
320 2822 348 2878 ‘l-
382 2818 436 2892 τῆς
462 2819 594 2894 κεφαλῆς
619 2815 651 2876 τὸ
677 2812 821 2896 διάδημα]
852 2818 881 2874 ld
903 2821 991 2894 ipsum
1011 2817 1124 2874 tradunt

155 2901 358 2980 Plrilostorgius
380 2905 399 2960 l.
422 2906 440 2963 6
463 2924 488 2963 c.
511 2905 529 2964 6
555 2913 582 2962 et
605 2905 649 2962 alii
672 2923 741 2980 quos
764 2904 797 2961 ad
820 2920 881 2961 eum
903 2903 997 2960 laudat
1019 2903 1124 2959 Gotho·

156 2987 258 3049 iredus.

221 3073 292 3138 206.
316 3074 366 3131 12.
395 3059 467 3148 μετὰ
488 3065 682 3151 γραμμάτων]
707 3074 760 3130 Has
784 3075 902 3129 minaces
924 3072 1030 3130 litteras
1045 3080 1124 3128 antea

156 3158 294 3216 aluliano
317 3161 412 3215 missas
434 3158 529 3234 scribit
551 3159 723 3216 Marcellinus
745 3159 762 3214 1.
787 3158 828 3216 20
850 3175 878 3232 p.
906 3157 976 3216 169.
1006 3159 1035 3214 1.
1059 3157 1123 3213 edit.
1190 3175 1194 3184 ’

157 3246 264 3299 tametsi
285 3243 369 3316 longe
391 3242 556 3319 probabilior
577 3244 695 3300 Zonaras
717 3243 861 3300 sententia.

223 3326 300 3400 206,
325 3327 374 3384 21.
403 3321 435 3383 ἐν
456 3316 585 3406 τούτοις]
615 3327 687 3384 llaec
708 3327 799 3402 paullo
822 3328 993 3385 intricatiora
1016 3327 1044 3380 in
1065 3340 1125 3379 ver-

158 3412 235 3467 sione
250 3413 464 3470 immutavimus:
480 3415 627 3488 scripserat
642 3414 713 3469 enim
725 3411 857 3469 Wolfius:
873 3416 986 3470 intereo
1003 3416 1030 3465 et
1045 3425 1124 3465 uuor

158 3500 221 3554 eius
241 3498 373 3571 moritur,
389 3503 466 3572 suis,
487 3505 518 3556 ut
533 3499 649 3572 quidam
671 3501 760 3568 aiunt,
782 3497 878 3556 adbuc
900 3493 1124 3565 materfamilias
