2556 3850
31 217 34 224 ’
134 245 248 296 cxx1v
508 244 558 303 dn
575 244 658 297 von.
676 244 724 295 ιν.

200 377 271 456 104,
287 377 306 442 8
323 377 510 460 συνομοτώυ]
526 378 708 456 συνωμοτῶν
758 369 791 437 τδ
806 401 836 456 μ.
852 375 1100 457 καταγγείλαντος

134 464 383 545 προαγγεῖλαυτος
400 455 434 524 τδ
448 487 477 542 μ.
567 467 605 524 13
626 467 711 524 rubro
732 466 786 523 col.
809 483 946 541 superscr.
966 462 1100 541 βασιλεία

133 549 284 628 βασιλείου
310 549 364 610 τοῦ
392 541 674 625 πορφυρογενυητου
776 550 815 609 18
841 541 1098 628 πρωτοπρόεδρος]

135 628 280 714 πρόεδρος
372 637 411 695 19
436 627 577 713 ἀτεχνῶς]
603 653 656 692 om.
745 635 782 691 21
811 626 986 713 ἐρρύθμιζε]
1008 625 1100 710 dodd-

134 719 198 796 μιζε
305 721 345 779 22
366 715 585 798 μεταχείρησιυ]
611 715 808 794 μεταχείρισιν
916 721 956 779 28
981 715 1101 794 ἐσχολα-

133 799 210 884 καίς]
226 794 379 879 πεφυκώς,
395 807 444 864 sed
458 791 623 880 ἕσχολακιδς
638 821 723 876 marg.
738 804 774 860 ai
788 821 823 862 m.

200 886 269 959 105,
292 883 313 947 2
335 883 401 967 τοῦ]
419 890 492 946 addit
577 877 722 966 4ίίλλας]
739 875 818 946 ἄλλα
832 891 978 964 perspicue
1060 889 1097 944 11

134 975 215 1050 σχεῖν
234 965 375 1031 κάκεῖνον
395 963 467 1048 παρ’
485 967 596 1052 ἑαυτῷ]
614 958 687 1047 παρ’
706 967 804 1052 ἑαυτῷ
818 962 959 1031 κάκεῖνον
973 962 1100 1048 ποιησα·

134 1061 208 1117 σθαι
296 1057 335 1116 14
350 1052 504 1136 βασιλείῳ]
518 1053 661 1133 ductim*
674 1065 739 1132 post
753 1045 906 1115 ἀναδεῖται
995 1057 1032 1116 15
1048 1073 1099 1114 πε·
1223 1101 1230 1114 .

134 1139 227 1211 δίλοις
247 1151 311 1219 post
330 1135 486 1200 ὑποδεῖται
574 1143 612 1201 18
634 1075 715 1218 ίμὲτ]
736 1135 804 1215 ίμετ
895 1143 932 1200 21
956 1153 1099 1218 συμπερι-

134 1215 249 1305 λαβοδν]
264 1214 506 1304 συμπαραλαβοδν
569 1226 609 1286 23
625 1222 771 1305 μοναχου]
789 1244 842 1284 om.
911 1226 952 1283 24
967 1219 1098 1302 ἐκεῖνον]

203 1323 219 1360 ο

134 1373 214 1437 ἕκεῖυ
228 1382 247 1436 i.
264 1397 288 1438 e.
305 1372 417 1447 ἐκεῖνος
503 1378 542 1437 29
558 1365 600 1452 ἢν
616 1367 632 1435 δ
648 1372 701 1456 Σ.]
718 1369 734 1435 δ
751 1371 784 1435 δὲ
798 1391 824 1434 σ.
842 1366 896 1453 την
910 1370 1047 1455 μάστιγα.

200 1458 270 1531 106,
296 1457 334 1522 11
357 1446 428 1540 οὖν]
450 1460 525 1539 γοῦν
612 1462 651 1520 12
673 1451 709 1519 τά
730 1456 931 1538 στρατεύματα
952 1471 1017 1539 post
1031 1455 1102 1537 περὶ

135 1544 282 1622 Λίπαρον
374 1549 413 1607 13
436 1538 592 1625 λικανδδν]
619 1566 638 1602 ν
657 1548 783 1624 ultimum
802 1564 838 1604 m.
861 1548 1048 1606 recentissima
1072 1555 1101 1603 et

134 1633 235 1708 pallido
258 1641 410 1690 atramento
431 1634 459 1689 in
479 1640 662 1705 dmutatum,
686 1641 718 1689 ut
732 1631 847 1689 Wolfius
868 1635 896 1690 in
918 1633 1034 1706 interpr.
1051 1631 1100 1689 lat.

198 1706 287 1794 πρὸς]
304 1710 355 1773 καί
368 1705 452 1792 πρὸς,
469 1725 500 1774 ut
514 1719 546 1782 d,
563 1717 611 1773 sed
628 1715 667 1773 14
682 1709 734 1772 καί
750 1707 813 1792 ἐπί]
832 1709 891 1789 ἐπὶ,
907 1717 981 1792 quod
997 1718 1100 1791 recepi,

136 1803 187 1858 etsi
211 1803 325 1858 alterum
349 1817 404 1858 non
424 1810 549 1858 notatum
571 1803 640 1857 οιΑ
728 1799 767 1860 23
788 1790 882 1878 παρὰ]
904 1794 973 1877 περί
1058 1800 1099 1860 26

134 1879 237 1963 Λίων]
259 1871 275 1941 ὅ
296 1879 371 1943 λίαν
464 1883 504 1943 29
532 1879 659 1962 εἴποιεν]
682 1873 764 1943 είπεν
857 1885 898 1944 30
924 1877 1100 1962 δικτάτορα]

135 1961 311 2041 δικτάτωρα.

201 2047 271 2120 101,
292 2046 313 2110 2
334 2039 380 2130 τ’]
402 2071 417 2108 τ
437 2069 499 2111 eum
514 2054 610 2111 lacuna
633 2056 728 2136 tertiat
748 2055 835 2128 partis
851 2069 954 2113 tersus.
991 2051 1100 2110 Omittit

135 2138 202 2196 illud
217 2127 244 2194 τ’
261 2141 299 2211 Δ,
320 2144 352 2194 ut
366 2135 493 2194 Wolfius.
536 2137 689 2212 Ducangius
711 2154 776 2196 vero
799 2138 869 2194 haud
890 2138 971 2194 dubie
990 2154 1022 2194 ex
1043 2137 1099 2194 aiio

135 2223 238 2280 addidit
253 2221 325 2280 libro
397 2221 416 2279 8
439 2217 724 2320 πρατηῖεσιιαρίου]
739 2209 762 2280 ἆ
779 2219 947 2297 βεστιαρίου
961 2223 1019 2295 hic,
1043 2240 1098 2280 non

137 2306 186 2374 12,
204 2305 244 2364 14
301 2352 303 2356 .
332 2306 370 2364 16
386 2295 506 2385 ἤνεγκε]
522 2325 563 2380 ην
578 2307 657 2364 1ηἰῑῖο
672 2325 780 2384 versus,
803 2323 885 2381 supra
902 2323 982 2381 quem
997 2309 1100 2382 promi·

135 2399 192 2465 net,
207 2391 235 2448 in
251 2408 321 2465 νοτ,
343 2392 460 2448 tortasse
476 2393 556 2450 etiam
572 2408 614 2468 εγ.
650 2391 744 2450 Potuit
765 2409 807 2467 pr.
824 2408 885 2449 esse
900 2385 1002 2464 ἐνῆκε,
1025 2392 1099 2466 quod

134 2473 199 2533 alibi
215 2479 242 2532 in
259 2475 309 2532 hac
324 2475 440 2533 formula
461 2493 522 2534 cum
543 2465 650 2554 ἤνεγκε
670 2483 857 2552 permutatum
880 2476 907 2532 id
929 2479 960 2532 Α.
1004 2476 1042 2533 ita
1058 2475 1100 2534 20

134 2577 286 2632 κατευαυμ
306 2561 394 2616 estin
417 2577 469 2616 ras.
557 2561 598 2620 20
617 2555 790 2638 γινομένης]
812 2553 973 2636 γενομένης
1058 2559 1100 2634 24

133 2629 203 2721 τὴν]
220 2643 294 2702 addit
386 2643 426 2702 26
441 2637 556 2720 μέντοι]
578 2662 631 2705 om.
725 2645 764 2704 29
786 2635 855 2714 τούς
869 2642 996 2714 σιτῶνας
1016 2633 1099 2718 ψάμ-

134 2745 193 2802 μου
207 2715 390 2803 ἐπλήρωσεν]
407 2723 449 2796 είς
463 2713 532 2796 τοδς
546 2725 671 2797 σιτιδυας
685 2718 812 2804 ψάμμον
827 2721 1001 2804 συνεκδμισε
1058 2725 1101 2786 30

135 2798 189 2888 την
203 2821 239 2884 ψ.
257 2805 344 2888 σίτῳ]
358 2807 429 2891 σίτιμ
444 2797 500 2885 τὴν
515 2821 551 2885 ψ.
644 2805 822 2892 ἐπίχρυσον]
845 2806 989 2890 ἐπέχρωσί
1002 2829 1032 2868 τε
1047 2805 1099 2868 καὶ

135 2887 325 2967 ἐπεκάλυψεν
411 2895 450 2953 31
467 2883 566 2954 odvia
582 2914 669 2972 marg.
685 2899 721 2956 al.
738 2917 772 2956 m.
788 2899 890 2974 pallido
906 2907 1065 2956 atramento.

200 2990 270 3065 108,
293 2989 314 3055 9
334 2987 465 3074 μεγάλην
486 2992 589 3075 πόλιν]
606 2990 804 3076 μεγαλόπολιν
896 3001 935 3058 16
956 2992 1008 3056 καί
1029 2997 1098 3058 παλ.

133 3069 235 3159 άραῖς]
251 3099 305 3139 om.
389 3080 428 3138 21
445 3075 512 3161 καί]
531 3101 584 3141 om.
672 3083 712 3142 26
727 3073 777 3224 τηὶ]
795 3101 847 3146 om.
934 3085 972 3143 31
990 3078 1100 3152 παῖδας

133 3156 186 3222 τδν
204 3163 317 3222 Φωκᾶν
331 3152 347 3223 ὃ
363 3155 509 3242 Σκληρός,
525 3155 565 3236 ὡς
580 3161 635 3243 μὲν
650 3162 726 3225 ἔνιοι
772 3181 867 3245 γουσι,
888 3157 1004 3250 κορύνη
1022 3161 1099 3224 κατὰ

133 3247 185 3326 τῆς
199 3247 346 3346 μεφαλης,
369 3237 412 3345 τίς
424 3238 452 3305 δ’
471 3245 572 3328 ἕτεροι,
589 3249 672 3325 ξίφος
688 3246 887 3310 ἕπανετείνετο
902 3241 969 3310 κατ’
987 3237 1095 3330 αὐτοῦ]

136 3353 211 3392 κατα
226 3331 279 3392 τοῦ
293 3333 383 3408 φακοῖ
397 3351 414 3390 ο
428 3324 556 3408 σκληρὸς
571 3333 655 3409 ξίφος
670 3328 935 3395 ἔπουατείνασθαι.
1055 3341 1058 3346 “

200 3413 270 3487 109,
285 3415 307 3478 4
328 3408 361 3474 τδ
376 3407 430 3487 οὖς
445 3415 577 3515 ἐκτεμεῖν
591 3421 645 3477 τοῦ
660 3416 755 3480 ίππου
770 3427 826 3480 τοῦ
843 3419 897 3480 τοῦ
913 3415 1023 3499 Φακῆ
1044 3417 1099 3477 τοῦ

135 3501 231 3561 ίππου
252 3501 306 3560 τοῦ
325 3501 415 3576 φωκιῖ
434 3490 467 3560 τδ
488 3519 542 3573 ους
561 3496 694 3580 ἐκτεμεῖν
787 3509 828 3568 10
846 3495 1097 3582 ἀνακτησόμενοι]
