2550 3854
510 231 560 283 Al)
577 231 661 287 VOL.
677 232 729 288 111.
1064 227 1106 296 85

140 371 237 444 lieret,
266 370 411 428 interfecit.
455 369 588 448 Regnavit
620 387 704 428 annos
729 371 757 426 7.
780 385 888 426 menses
916 368 944 426 3.
979 368 1108 429 llildericl

72 519 74 525 ,
138 455 210 512 filios
233 462 261 512 et
282 462 399 528 nepotes
421 454 599 528 lustinianus,
622 464 703 530 capto
726 449 874 528 Gelimere,
904 453 976 528 agris
998 462 1027 510 et
1049 455 1107 528 opl·
1172 493 1174 497 -

141 540 193 597 bus
215 547 258 595 sat
279 539 376 614 amplis
398 539 517 612 donarit.

204 621 365 693 obtinuit,
387 622 538 681 Hermanno
553 625 699 682 Contracto
723 625 876 698 Geylomer
896 621 1004 694 dictus,
1026 620 1108 678 Gelo·

139 707 206 764 ridis
229 705 314 780 filins,
336 705 483 782 Centenis,
502 709 640 766 Genserici
661 707 720 781 filii,
743 724 838 782 nepos,
862 706 1042 764 vandalorum
1064 723 1107 762 re·

142 808 227 868 gnum
250 800 377 866 occupat,
399 808 469 850 anno
484 791 546 849 Chr.
563 793 624 852 526
648 793 748 851 multos
771 791 901 850 nobilium
916 790 1022 848 Airicae
1042 807 1107 864 pro-

140 878 243 933 vinciae
272 875 419 934 crudeliter
445 879 569 952 perimit,
596 877 799 952 multorumque
827 875 994 932 snbstantias
1022 875 1106 933 tollit.

140 961 278 1018 Adversus
301 961 463 1020 Gelimerum
484 963 649 1020 lastinianus
673 970 806 1020 nocturna
827 962 933 1018 visione
955 957 1030 1016 Laeti
1044 957 1107 1034 Epi·

142 1047 236 1120 scopi,
259 1047 306 1120 qui
327 1044 378 1102 sub
400 1046 557 1105 llnnnerieo
580 1048 740 1122 martyrium
761 1046 927 1122 pertulerat,
957 1044 1106 1119 expeditio·

141 1146 203 1188 nem
226 1131 351 1205 suscipit,
373 1139 401 1187 et
422 1132 550 1190 belisario
573 1134 707 1191 exercitus
730 1131 857 1188 ducatum
883 1130 1038 1201 committit,
1061 1129 1108 1202 qui

141 1213 193 1270 snb
215 1215 316 1271 exitum
338 1217 401 1272 anni
421 1217 482 1276 533
505 1216 623 1275 Airicarn
643 1217 800 1292 ingressus,
822 1215 892 1274 lianc
906 1216 977 1272 intra
1001 1213 1109 1270 3men·

143 1315 187 1355 ses
209 1297 330 1355 Romano
353 1299 473 1358 subdidit
495 1302 621 1376 imperio,
644 1302 698 1360 hoc
720 1309 762 1358 est
784 1317 799 1356 a
821 1299 879 1358 llal.
902 1298 978 1374 Sept.
1000 1298 1034 1355 ad
1049 1297 1107 1355 Kal.

142 1382 268 1442 lieoemb.
290 1399 351 1441 cum
373 1385 402 1442 in
424 1387 546 1444 exercitu
569 1384 733 1444 5duntaxat
754 1385 870 1442 militum
885 1383 969 1441 millia
984 1382 1116 1456 haberet,

144 1466 322 1541 (lundimero,
345 1467 535 1542 Gebamundo,
557 1477 586 1527 et
600 1470 739 1541 Tzezone,
761 1486 811 1526 seu
832 1469 972 1540 zatinone,
995 1467 1109 1524 Cellme-

51 1582 55 1590 ·
143 1554 182 1608 ris
205 1551 348 1626 iratribus,
370 1557 486 1627 primum
508 1557 643 1629 superatis
658 1563 687 1611 et
701 1555 797 1632 caesis,
820 1569 882 1610 mox
896 1553 957 1627 ipso
973 1551 1108 1624 Gelimero

144 1636 253 1712 iugato,
276 1645 304 1694 et
326 1646 480 1716 expugnata
502 1638 674 1714 Carthagine.
704 1639 860 1714 Insequenti
883 1653 947 1692 vero
970 1652 1040 1692 anno
1060 1635 1108 1692 lie·

144 1721 254 1778 lisarius
277 1720 442 1780 Celimerum
470 1732 528 1782 tota
551 1725 700 1781 obsessum.
715 1723 802 1780 hieme
831 1723 858 1779 in
880 1728 1045 1797 potestatem
1067 1735 1109 1775 re·
1138 1772 1140 1777 ,

145 1807 234 1880 cepit,
257 1814 285 1863 et
307 1806 571 1884 Constantinopolim
592 1808 713 1866 traduxit
735 1807 768 1864 ad
790 1807 982 1878 lumleianum,
1008 1805 1028 1861 4
1051 1806 1109 1861 eius

140 1889 310 1963 Consulatu,
339 1909 395 1965 quo
423 1893 494 1951 iacto
523 1910 643 1969 sparsam
672 1893 706 1951 de
733 1909 764 1950 se
791 1894 819 1950 in
841 1892 931 1949 Airiea
958 1887 1109 1966 tyrannidis

145 1973 305 2032 calumniam
328 1977 464 2035 abstersit.
495 1979 564 2036 l'um
585 1981 683 2054 ingens
705 1978 788 2035 decus
803 1984 968 2044 consecutus
991 1985 1043 2048 est,
1066 1991 1108 2030 re·
1126 1977 1160 2028 60

145 2069 316 2134 praesentata
343 2062 429 2138 longo
459 2063 601 2121 intervallo
629 2072 752 2120 veterum
780 2063 980 2137 triumphorum
1008 2060 1110 2135 speeie,

147 2160 264 2218 quorum
286 2145 332 2202 ille
353 2149 409 2204 ritu
436 2156 464 2206 et
487 2155 633 2223 apparatu,
661 2149 714 2204 nisl
736 2147 808 2221 quod
836 2147 920 2222 pedes
948 2144 1111 2216 ambulabat,

148 2229 258 2303 captivis
279 2238 342 2287 ante
364 2249 394 2288 se
417 2232 559 2305 traductis,
582 2235 664 2306 inque
687 2233 729 2288 his
752 2231 886 2290 Gelirnero
909 2231 981 2304 ipso,
1003 2247 1063 2286 cum
1079 2228 1112 2286 il·

146 2312 194 2368 lud
215 2313 363 2372 identidem
386 2316 522 2389 clamaret,
555 2318 675 2375 Venitne
694 2319 862 2385 vocitatam,
885 2322 938 2370 etc.
975 2312 1042 2369 Post
1063 2314 1112 2369 tri-

147 2398 279 2474 umphum
301 2417 369 2475 agro
383 2403 411 2458 in
427 2400 528 2458 Galatia
543 2401 660 2458 donatus
675 2408 717 2456 est
731 2395 893 2468 Celimerus,
915 2413 1013 2471 neque,
1037 2397 1112 2470 quod

123 2482 271 2562 'Amanum
299 2487 405 2541 eiurare
426 2485 512 2543 nollet
540 2487 672 2542 haeresim
694 2484 825 2541 Patricius
853 2489 896 2539 est
916 2482 1031 2538 factuam
1060 2479 1111 2537 Ex-

148 2565 212 2623 hinc
232 2578 360 2645 receptae
386 2569 509 2643 insulee,
532 2571 642 2642 Sicilia,
663 2569 802 2640 Baleares,
832 2567 954 2638 Corsica,
977 2565 1110 2636 Sardinia,

149 2656 179 2706 et
200 2650 275 2709 aliae.
731 2663 734 2668 ·

212 2733 365 2796 Extinctum
391 2746 435 2796 est
455 2739 635 2798 vandalorum
661 2754 777 2814 regnum
805 2739 833 2794 in
854 2737 944 2793 hirica
972 2751 1043 2791 anno
1071 2732 1112 2792 95
1135 2733 1140 2744 “

150 2825 215 2894 post
237 2831 393 2898 occupatam
415 2822 622 2901 Carthaginem,
650 2831 715 2898 post
735 2840 830 2880 eorum
857 2838 922 2878 vero
944 2822 972 2877 in
994 2819 1113 2877 iliricum
1170 2859 1173 2868 a

149 2905 304 2979 ingressum
328 2908 403 2967 107:
425 2910 497 2966 unde
520 2908 669 2982 castigandi
690 2908 855 2982 scriptorum
881 2906 1017 2982 plerique,
1045 2903 1113 2960 blar-

148 2987 264 3048 cellinus
290 3008 403 3068 nempe,
436 2995 483 3068 qui
512 3001 617 3070 captam
646 2992 836 3068 Carthaginem
864 3007 935 3047 anno
964 2989 1113 3048 excidionis

139 3089 216 3132 suae
231 3077 283 3135 96.
312 3077 406 3135 Victor
428 3077 610 3150 ludunensis,
633 3078 772 3153 qui‚anno
789 3076 828 3134 97
849 3076 1029 3150 ingressionis
1046 3075 1113 3130 Van·

151 3157 289 3218 dolorum:
318 3161 416 3220 ilarius
443 3165 630 3220 Aventicensis
659 3160 809 3236 Episcopus
837 3177 907 3218 anno
935 3158 976 3218 92
1004 3165 1113 3234 captum

152 3241 315 3302 (lelimerum
337 3255 365 3304 ct
387 3256 569 3324 expugnatam
592 3247 708 3304 Africam
731 3245 867 3304 scribunt:
891 3261 1045 3320 quanquam
1072 3258 1113 3298 sa·

151 3327 187 3382 tis
209 3340 322 3405 apparet
344 3331 455 3390 eosdem
477 3340 603 3390 auctores
618 3331 723 3388 Africae
746 3329 928 3406 captivitatem
944 3329 1077 3402 auspicari
1098 3343 1114 3384 a

42 3435 47 3442 ·
151 3422 230 3487 capta
252 3415 424 3492 Cartbagine,
446 3435 461 3474 a
483 3434 536 3494 qua
557 3418 637 3474 etiam
659 3416 751 3473 Victor
771 3415 942 3472 Tununensis
964 3428 1048 3469 annos
1070 3426 1114 3465 re-

151 3499 200 3575 gni
228 3498 375 3559 Huouerici
400 3511 494 3578 putat,
523 3503 693 3578 quantumvis
721 3500 753 3558 ab
781 3501 908 3576 ingressu
934 3495 1115 3554 vandalorum
