2548 3850
139 213 180 278 36
481 207 761 261 ιιιιιοιιιιοιιιιε

139 356 177 412 lie
200 353 306 410 Silvano
330 358 414 426 agunt
437 351 527 406 Victor
550 349 670 420 Schotti‚
699 349 853 404 Ammianus
875 347 923 404 lib.
949 347 997 404 15
1043 346 1106 404 Hic·

140 455 247 512 ronym.
270 439 297 492 in
320 435 419 492 Chron.
444 435 627 532 Τιιεοιψιι
624 441 676 490 etc.

206 521 275 592 198,
301 520 349 576 12.
381 514 494 594 λέγεται
518 535 573 593 γαρ
595 510 662 594 μὲν]
687 517 784 574 Euscb.
806 516 907 574 Chion.
922 514 1108 590 Mayaentius

141 609 262 665 Marsae
291 609 399 677 victus,
433 609 463 661 ia
493 621 548 677 qao
575 605 690 676 praelio
720 604 871 660 Romanae
906 605 982 659 circs
1012 605 1108 658 coaci-

141 695 255 749 derunt.

206 774 276 841 199,
301 774 350 830 17.
380 771 432 845 τῆς
454 759 558 849 γραὸς]
583 771 610 826 ld
633 771 713 828 etiam
736 771 827 844 attigit
842 771 996 826 Ammianus
1018 770 1037 825 l.
1056 767 1106 825 14.

141 861 324 917 Accenderat
345 873 435 930 saper
456 859 501 914 lais
521 858 671 913 incitatam
689 859 868 928 propositum
889 857 929 911 ad
948 855 1109 912 nocendam

142 948 243 1018 aliqua
258 945 362 999 mulier
377 945 457 1014 aitis,
480 956 557 1013 quae
571 943 611 998 ad
624 941 780 1011 Palatium,
803 945 835 997 ut
852 945 1045 1012 poposcerat,
1066 942 1109 994 in·

143 1032 287 1097 tramissa,
301 1028 421 1083 insidias
437 1029 464 1082 ei
477 1028 604 1083 latenter
615 1026 730 1082 obtendi
738 1025 912 1098 prodiderat
927 1024 963 1079 ab
976 1023 1109 1080 militibus

142 1113 360 1170 obscurissimis.

206 1196 285 1267 200,
309 1193 359 1251 29.
390 1183 543 1260 ὁΓάλλος
564 1183 635 1270 γὰρ]
664 1193 757 1250 Totam
786 1192 855 1248 hanc
878 1191 945 1248 Galli
968 1192 1110 1247 historiam

142 1283 182 1336 sic
209 1280 385 1375 persequitur
413 1277 537 1352 scriptor
570 1279 640 1369 vitae
672 1277 700 1334 S.
730 1277 842 1333 Artemii
868 1275 1001 1332 ineditus:
1033 1263 1049 1332 ὁ
1079 1267 1110 1331 ai

142 1357 258 1430 Γάλλος
285 1353 341 1436 τὴν
368 1359 423 1418 τοῦ
445 1358 594 1437 Καίσαρος
620 1349 825 1514 ἀμφιασμβνος
852 1349 1029 1499 ἁλουργίδα,
1059 1352 1110 1414 καὶ

142 1440 201 1521 ἤδη
234 1444 292 1503 τών
324 1439 452 1548 ιιρώτοιν
483 1443 535 1520 τῆς
568 1443 719 1550 βασιλείας
727 1433 914 1539 ἀρξάμενος
945 1437 1111 1547 ἐπιβαίνειν

142 1529 286 1630 βαθμῶν,
308 1523 364 1588 oria
387 1527 491 1628 ἔμενεν
513 1523 563 1588 ἐπὶ
586 1533 642 1622 ιῆς
664 1517 756 1604 αὐτῆς
777 1548 898 1625 γνιιμης
921 1523 972 1584 καί
987 1524 1112 1597 πίστεως

142 1598 180 1689 ἧς
194 1634 288 1714 προς
287 1611 497 1674 Κοινστάντιον
511 1606 680 1692 ἐποιήσατο,
695 1604 931 1708 βασιλικώτεριν
945 1612 1003 1670 τῶν
1018 1630 1112 1716 ιιραγ-
1193 1609 1196 1614 ’

143 1719 248 1776 ματυιν
270 1690 445 1774 ἁπτόμενος,
468 1697 519 1758 τιυὶ
540 1695 612 1774 μετὰ
634 1695 747 1794 ιιολλοῦ
768 1717 821 1793 τιιυ
809 1688 970 1774 θράσους
991 1693 1042 1796 ιιαῖ
1062 1695 1113 1794 τιῙς

144 1777 317 1852 ἀλαζονείας
340 1775 574 1858 ὄιαταττόμενος.
609 1803 677 1853 τους
706 1772 763 1860 γάρ
786 1772 945 1858 ἄρχοντας,
976 1771 1029 1851 οιῖς
1056 1771 1112 1838 cciv

145 1857 230 1948 αυτῷ
253 1861 416 1964 ἐπεπόμφει
433 1860 649 1940 Κωνσιάντιος,
672 1865 732 1924 τών
747 1864 911 1962 βασιλιιαν
933 1885 963 1924 ιε
985 1861 1037 1924 καὶ
1059 1885 1112 1924 πο·

147 1926 268 2010 λιτώιών
290 1946 472 2050 ιιραγμάτοιν
494 1947 585 2022 ἀντας
606 1942 774 2052 βιαιτιιτάς,
803 1941 854 2010 τὸν
883 1947 914 2010 δὲ
935 1952 995 2010 τοῖν
1017 1949 1112 2028 Πραι-

146 2027 302 2111 τυρίον
273 2029 425 2140 ἀιιαρχον
454 2026 639 2132 Δομετιανὸν
669 2026 697 2113 (ὁ
718 2026 775 2115 γάρ
800 2030 965 2105 Θαλάσσιος
978 2029 1114 2133 ἐτεθνή·

147 2123 203 2195 ιιει)
231 2115 282 2178 καὶ
303 2109 356 2178 τάν
373 2115 436 2219 mm
458 2119 511 2178 τοῦ
533 2119 733 2200 Κοιαίστιορος
756 2111 912 2221 Μβντιον,
940 2108 990 2178 διά
1016 2109 1049 2179 mi
1072 2111 1114 2196 μὴ
1174 2187 1185 2200 2

146 2196 323 2312 πειθιιρχειν
345 2193 465 2304 αιἰτους,
488 2225 538 2264 ιιαι
530 2199 726 2284 ὑπουργεῖν
746 2207 809 2276 ταῖς
823 2197 1004 2302 παραλόγοις
1019 2199 1115 2264 αιἰτοιῖ

146 2286 198 2349 καὶ
219 2279 442 2360 ἀκαθέιιτοις
428 2293 551 2386 ιιρμαΐς,
579 2287 721 2367 σχοινίοις
749 2293 810 2360 τοῖς
837 2281 1028 2386 στρατιώταις
1054 2295 1113 2349 τοῖν

146 2371 249 2434 ποάών
270 2368 372 2433 αὐτῶν
395 2367 567 2447 ἐξάυιασθαι
588 2368 892 2480 παρακελευσάμενος,
914 2370 1015 2434 ἐπι
978 2393 1031 2448 της
1045 2365 1114 2476 ἀιο-

147 2454 201 2535 ράς
222 2458 355 2558 σωρῆναι
377 2455 550 2536 προσέταξε,
579 2457 631 2517 καῖ
654 2450 838 2536 ἀμφοτέρους
858 2453 1084 2556 ἀιιέιιιεινεν,”
1063 2481 1115 2518 αυ-

147 2543 220 2641 δρας
245 2539 277 2600 ἐν
298 2535 445 2645 ἀξιώμασι
460 2539 698 2620 διαπρίψαντας,
721 2540 772 2602 ιιαι
784 2563 905 2645 ιιοινιος
925 2539 1048 2621 κέρδους
1063 2565 1115 2602 και

149 2621 299 2703 λήμματος
308 2621 501 2726 εὑρεθέντας
523 2618 790 2706 υψιιλοτέρους,
761 2619 844 2698 ουςὸ
862 2629 913 2704 τῆς
935 2625 1049 2699 πόλεως
1064 2648 1114 2687 πε

147 2700 365 2788 ρισιείλαςΤπι
366 2712 486 2814 ίσιιοπιις
509 2709 639 2786 ἔθαψεν,
662 2705 852 2810 ιιιίὸεσθεὶς
823 2733 856 2772 το
870 2712 922 2788 τῆς
937 2703 1035 2771 αιἰιιῖιν
1049 2705 1115 2814 ἀρι-

146 2796 200 2870 ιῆς
222 2817 267 2854 νπ
268 2792 420 2893 ἐρβλιιτον.
457 2817 473 2854 ο
497 2793 529 2856 δέ
551 2789 757 2868 Κοονστάντιος
780 2789 880 2895 ἐπειδὴ
901 2792 1021 2876 τάχιστα
1045 2791 1116 2896 ἐπβ·

148 2885 220 2939 θετο
248 2873 280 2938 τὰ
303 2871 443 2983 συμβάν,
476 2878 683 2981 μετάπεμπτον
710 2876 751 2952 ὥς
779 2872 886 2942 ἑαυτὸν
914 2875 1091 2984 ἐποιειτο
1061 2903 1115 2941 τον

97 2976 130 3026 33
150 2959 312 3024 Γάλλου*
297 2986 313 3024 ο
338 2961 421 3025 aii
392 2962 478 3036 sidric
501 2958 600 3064 μὲι
579 2988 618 3038 οις
640 2957 696 3025 οάιι
713 2957 761 3025 ἐπ’
756 2959 888 3066 ἀμυιθιβ
909 2963 1057 3072 τυμχάνει
1063 2987 1115 3026 ιια-

147 3042 314 3147 λούμενος,
321 3044 436 3110 ἐννοεῖν
459 3046 491 3110 δὲ
513 3040 645 3110 maiiiv
625 3073 664 3122 οις
679 3049 707 3110 εί
724 3073 765 3151 μη
756 3041 953 3151 βουλοιιο
936 3071 1115 3126 υπαιιουειν,

146 3122 314 3210 πόλεμυν’
292 3128 415 3236 ανάγιιιι
436 3140 547 3211 ποιεῖν,
576 3128 654 3195 οπλα
675 3129 750 3214 πρὸς
772 3131 984 3196 Κωνσιώνιιον
1007 3133 1039 3195 ἐκ
1061 3143 1117 3242 ιοιι

147 3212 300 3322 εβθέοις
282 3210 448 3321 αράμενον,
476 3219 605 3300 αἱρεῖται
631 3221 743 3326 μᾶλλιιν
769 3217 806 3280 τὰ
827 3222 886 3319 τῆς
902 3215 1035 3299 είριινιις·
1063 3217 1116 3280 καῖ

147 3299 203 3379 τὴν
225 3307 355 3381 γυναῖκα
377 3301 652 3411 πριιιποιιτιίλας“
631 3327 671 3376 ους
693 3297 745 3364 τὸν
760 3298 969 3406 Κωνσιάντιον
991 3303 1116 3406 ἐκμειλί-

148 3388 275 3463 ξασθαι,
299 3385 349 3448 mai
371 3377 462 3458 αὐτὸς
484 3379 573 3473 ἀπῄει
596 3379 760 3468 αιἰιόμολος
782 3382 885 3463 ἐςτιν
907 3389 1058 3452 κίνδυνον.
1095 3412 1117 3490 ιι

148 3465 263 3548 μὲν
225 3493 282 3533 ουν
303 3471 516 3535 Κωνσιαντίνα
537 3471 667 3555 προτέρα
681 3472 844 3557 ἐξώρμησε,
867 3480 1103 3561 προεντυχεῖν
1073 3475 1117 3535 τώ
