2548 3850
552 231 1145 296 ADVOL.111.37

87 433 89 438 .
173 359 319 472 άδελφηό,
347 365 399 426 καλ
423 364 570 466 δεηθῆναι
592 357 698 426 τούτου
725 363 802 447 ὑπὲρ
825 368 877 426 τοῦ
902 357 1012 470 άνδρός
1024 373 1148 467 προθυ-

179 449 329 529 μουμένη,
358 452 411 511 τοῦ
432 449 473 528 μή
494 473 523 512 τι
544 450 586 524 είς
608 446 700 512 αὐτόν
727 445 990 548 βουλεόσασθαι’
972 446 1146 530 ανήκεστον.

179 539 276 639 πολλῇ
305 532 336 595 55
364 536 537 638 προθυμία
548 534 616 615 περὶ
643 531 699 614 νην
727 528 903 614 ὁδοιπορίαν
926 534 1077 616 χρωμένη,
1107 537 1148 609 εςί

179 619 272 681 νόσον
296 617 414 680 ἐνέπεσε
428 615 537 697 μεταξό
552 618 749 700 πορευομένη,
772 619 822 681 καὶ
838 622 988 696 Βιθυνίας
1010 617 1147 699 ἐπιβᾶσα,

179 704 212 766 έν
234 706 360 807 σταθμῷ
387 703 447 766 τινλ
475 699 585 782 ταότης
608 703 784 790 Γαλλικάνῳ
811 705 958 812 λεγομένω
986 696 1148 766 άπέθανεν.

179 783 253 851 ὁδὲ
274 765 388 863 Γάλλος
409 787 460 848 καὶ
483 791 570 850 τοῦτο
592 789 697 893 παρά
699 767 788 864 δόξάν
815 787 898 873 αὕτηό
920 767 1038 870 συμβάν
1059 787 1148 869 μεγά-

180 879 235 951 λην
258 866 416 976 συμφοράν
438 870 655 954 ποιησάμενος,
677 869 762 976 ὅμως
779 897 861 953 ηειτο
883 871 999 972 πρόσω,
1021 876 1080 936 τῶν
1103 873 1149 934 ὄε-

179 952 388 1061 βομμένων’
354 981 409 1019 ουκ
433 955 627 1036 ἐξιστάμενος
660 952 764 1037 έπειδη
788 959 828 1034 είς
844 949 1043 1040 Νωρικοός’
1025 959 1150 1065 αφίκετο

179 1041 269 1104 πόλιν
296 1035 398 1104 αάτῶν
421 1044 608 1122 Πυταβιιόνα
637 1043 840 1124 καλουμένην,
866 1042 1000 1105 ἐνταῦθα
1028 1033 1103 1120 (λη’
1087 1041 1146 1104 από

179 1122 377 1189 Μεδιολάνον
391 1127 613 1206 καταπέμπεται
627 1129 789 1209 στρατηγὸς
805 1130 996 1232 Βαρματίων,
1018 1126 1082 1189 ἐκεῖ
1095 1131 1149 1188 τοῦ

178 1213 390 1276 Κωνστοιντίου
412 1213 466 1273 τοῦ
487 1215 653 1290 τηνικαῦτα
674 1210 886 1314 τυγχάνοντος,
909 1207 943 1288 ὃς
965 1205 1018 1274 τόν
1033 1211 1149 1272 Γάλλον

179 1293 352 1395 ἀφαιρεῖται
374 1319 426 1373 της
448 1288 635 1377 άλουρμίᾶος,
657 1321 709 1359 και
700 1297 765 1372 είς
780 1295 902 1377 ἰδιώτην
917 1293 1149 1377 μετασκευάσας,

181 1377 330 1481 ἐξόριστον
353 1374 443 1442 αὐτόν
466 1381 509 1454 εἴς
524 1405 592 1443 τινα
613 1389 708 1461 νησον
722 1386 775 1461 τῆς
793 1384 963 1461 Δαλματίας
978 1381 1148 1486 κατέστησε.

178 1467 233 1528 τοῦ
255 1459 373 1526 Γάλλου
397 1465 429 1529 δὲ
451 1466 491 1538 είς
514 1488 569 1543 την
584 1468 678 1543 νῆσον
692 1463 810 1548 α’φιμμέ
812 1490 875 1546 νου,
884 1460 1082 1566 Εὕσέβιος’
1068 1461 1150 1527 οεύ

179 1554 296 1657 νοόχος,
320 1543 335 1612 5
358 1574 413 1629 την
435 1553 488 1612 τοῦ
511 1553 717 1628 Πραιποσίτου
738 1549 803 1613 τότε
824 1574 914 1629 τιμην
936 1551 1025 1649 έχων,
1048 1551 1100 1612 καὶ
1122 1552 1154 1610 οἱ

179 1635 237 1698 σὺν
260 1627 344 1719 αὐτῷ
365 1637 506 1697 πείθουσι
521 1631 778 1698 Κωνστάντιον’
757 1660 796 1710 ως
817 1632 965 1737 τάχιστα
953 1629 1071 1696 Γάλλον
1086 1657 1150 1696 ποι·

178 1717 314 1798 ήσασθαι
322 1697 520 1781 έκποδῶν.’
506 1743 522 1780 ο
540 1717 571 1780 55
586 1721 722 1796 πεισθείς
742 1719 850 1801 πέμπει
866 1713 934 1794 τούς
948 1714 1149 1780 ἀποκτενοῦν-

180 1829 231 1878 τας
253 1800 359 1866 αὐτόν.
389 1802 439 1866 καί
461 1797 520 1883 ἤδη
537 1805 651 1866 τούτων
666 1801 905 1886 ἀφικνουμένων,
927 1801 1049 1867 πάλινό
1067 1809 1150 1882 Κων-

180 1887 317 1962 στάντιος
344 1889 429 1964 είςέ
416 1889 498 1952 έλεον
525 1887 710 1972 μετεβλήθη,
745 1890 793 1953 καὶ
822 1890 950 1988 πέμπει
962 1882 1012 1950 διά
1039 1877 1151 1968 ταχέων

179 1968 337 2074 γράμματα
359 1971 413 2036 τὸν
436 1971 554 2035 Γάλλον
581 1981 635 2036 τοῦ
656 1973 775 2050 πάθους
796 1967 1050 2074 ἆυακαλοόμενος·
1079 1995 1095 2034 ο
1119 1974 1151 2034 δὲ

178 2051 261 2120 Εόσέ
262 2063 340 2140 βιος,
371 2057 421 2120 καὶ
449 2059 481 2118 οἱ
505 2057 563 2121 σόν
591 2053 690 2145 αὐτῷ,
724 2062 867 2123 πείθουσι
893 2053 946 2121 τόν
972 2059 1151 2168 πεμφθέντα

181 2137 425 2252 Μαμιστριανόν,
445 2135 489 2244 μὴ
503 2139 648 2226 πρότερον
652 2123 818 2245 έπιστηυαι
836 2137 1041 2206 δεικνύντα
1009 2167 1042 2206 το
1060 2138 1151 2227 γράμ-

180 2252 221 2308 μα
250 2226 322 2309 πρὶν
350 2221 390 2290 άυ
415 2223 546 2289 πύθοιτο
574 2229 628 2292 τὸν
655 2230 772 2292 Γάλλου
800 2223 1000 2333 άυηρημένον.
1037 2226 1151 2308 ἐγένετο

180 2315 288 2392 ταῦτα,
317 2304 407 2374 καλό
431 2309 544 2386 Γάλλος
566 2311 774 2416 έτεθνβκει·’
759 2336 776 2374 ο
801 2313 834 2375 δὲ
855 2313 1061 2384 Κωνστάντιος
1082 2311 1150 2411 περὶ

181 2403 242 2472 τοῖς
264 2394 419 2502 πράγμασι
442 2397 539 2470 δείσας
566 2420 610 2499 μη
630 2392 685 2478 οὐχ
713 2393 776 2472 οἷός
797 2420 828 2460 τε
856 2390 896 2477 ἦν
922 2397 1012 2475 μόνος
1033 2390 1152 2472 ἆπάσης

181 2477 260 2544 εἶναι
288 2505 340 2560 της
367 2478 462 2562 άρχῆς
475 2477 645 2586 ἐγκρατὴς,
673 2479 770 2556 άλλως
792 2505 822 2544 τε
850 2479 901 2543 καί
927 2483 986 2542 τῶν
1009 2483 1152 2541 Γαλατῶν

180 2557 308 2641 όξάτατα
337 2563 375 2646 δὴ
397 2565 448 2626 καὶ
471 2559 560 2628 ὁπότε
582 2573 811 2667 προθυμηθειεν
839 2564 934 2640 είς
902 2589 954 2638 τας
972 2565 1152 2664 τυραννίδας

180 2649 384 2750 ἐγειρομένων,
408 2645 457 2712 διά
478 2674 508 2712 τε
530 2649 665 2760 στόματος
687 2645 785 2733 ίσχόυ,
808 2649 859 2712 καὶ
882 2645 1053 2749 κουφότητα
1076 2671 1149 2728 φρο·

181 2731 335 2814 νημάτων,
358 2734 526 2836 μετεμέλετο
548 2729 658 2816 ηόη
628 2761 683 2800 τον
704 2735 820 2798 Γάλλον
842 2725 1008 2811 ὑπεξελόνυ,
1030 2733 1081 2796 καί
1104 2739 1151 2795 λο-

181 2817 334 2900 μισόμενος
355 2812 387 2882 τό
409 2820 548 2901 συγγενὲς
570 2823 623 2883 τοῦ
645 2819 770 2884 ὀθνείου
792 2820 842 2882 καὶ
864 2817 1042 2900 άλλομενοῦς
1057 2812 1152 2896 άσφα-

182 2903 317 2984 λέστερον
339 2899 416 2966 εἶναι
439 2910 546 2991 μακρῷ
560 2900 634 2988 πρὸς
649 2909 813 2968 κοινωνίαν
835 2927 886 2984 της
900 2905 1058 2984 βασιλείας,
1078 2897 1150 2966 Ἰου-

180 2989 288 3053 λιανόν
311 2989 364 3052 τὸν
385 2983 516 3069 όιόελφὸν
538 2992 591 3052 τοῦ
614 2985 731 3053 Γάλλου
754 2989 786 3052 έκ
809 3014 862 3068 της
880 2987 993 3062 Ἰωνίας
1008 3011 1152 3070 μεταπεμ-

179 3069 331 3154 ψάμενος,
361 3073 393 3136 ἐν
420 3097 456 3182 τη
479 3071 681 3137 Μεδιολάνων
702 3079 841 3178 Καίσαρα
861 3066 1068 3150 άναδείκνυοι,
1100 3071 1152 3134 καὶ

180 3183 236 3238 την
258 3155 392 3264 άδελφην
414 3159 498 3266 αὐτῷ
520 3183 575 3236 την
591 3158 698 3222 ἑαυτοῦ
717 3151 842 3238 Ελένην
864 3161 905 3233 είς
919 3155 1015 3240 γάμον
1030 3153 1150 3231 έκδοός·

180 3244 232 3306 καὶ
254 3240 289 3306 τά
311 3242 401 3308 πιστά
423 3242 498 3345 πρὸς
520 3239 614 3306 αὐτόν
638 3240 854 3345 ποιησάμενος,
882 3247 989 3307 τοῦτον
1016 3241 1071 3321 μὲν
1093 3240 1151 3316 ἐξέ-

180 3343 300 3473 Ξιεμψεν
328 3331 370 3404 είς
400 3321 453 3404 τάς
475 3330 621 3406 Γαλλίας,
650 3326 772 3406 φύλακα
800 3334 852 3408 τῆς
880 3323 973 3390 έκεῖσε
1000 3329 1152 3408 βασιλείας

196 3413 334 3492 σόμενον.

246 3503 319 3578 201,
341 3503 371 3565 4.
403 3495 608 3582 Δομετιανὸν]
638 3504 847 3580 DeDomitiano
875 3511 903 3561 ελ
929 3502 1031 3560 Montio
1059 3501 1148 3557 missis
