2550 3854
225 202 287 297 142
567 221 850 276 nunorarxonus

226 365 347 438 quamvis
371 371 445 420 esset
467 379 531 420 cnse
554 364 657 420 nudato
680 369 810 435 armatus,
834 362 880 437 qui
903 361 1021 419 fumabat
1043 362 1132 419 adhuc
1149 381 1197 420 ca·

224 448 308 505 lidum
331 449 491 522 sanguinem
519 456 600 522 atque
628 447 783 506 distillabat.
827 448 852 504 ls
873 449 900 504 in
923 446 1083 521 Episcopum
1107 448 1194 504 intui·

225 541 284 604 tus,
313 531 345 588 ab
372 533 420 588 illo
443 549 524 606 quam
550 541 625 590 recte
653 540 829 606 percontatus
857 539 915 602 est,
944 533 1067 606 quisnam
1094 531 1193 589 esset?

224 634 336 691 remque
358 625 390 673 nt
413 625 471 674 erat
491 615 617 690 edoctus,
640 616 760 688 Ubinam,
783 617 882 691 inquit,
905 624 970 674 sunt
992 615 1126 673 Ecclesiae
1150 633 1193 672 sa-

224 720 270 760 cra
292 702 372 758 vasa?
405 699 471 758 Cum
494 709 584 759 autem
607 704 780 776 cognovisset
802 701 836 758 de
858 701 936 775 loco,
962 700 1089 758 educite
1111 718 1191 758 sacro

225 787 326 860 templo
356 786 517 861 Episcopum
546 789 661 843 seorsim
694 786 726 842 ab
752 788 825 844 omni
854 784 1007 844 turbatione
1038 793 1119 859 atque
1148 795 1192 842 tu·

225 871 323 943 multu,
346 887 453 943 nosque
475 887 536 928 cum
558 873 618 945 ipso
642 879 769 944 tanquam
787 887 878 944 agnos
900 886 979 926 snum
994 877 1132 944 pastorem
1148 886 1191 926 se·

224 964 351 1030 quentes.
396 955 518 1028 Dumque
545 957 572 1012 in
594 955 723 1011 sacellum
746 954 791 1010 nbi
814 955 934 1028 reposita
963 971 1037 1012 sacra
1063 970 1125 1010 vasa
1148 971 1190 1010 as·

225 1040 402 1097 servabantur
430 1048 525 1096 nostro
555 1040 638 1097 ductu
665 1041 846 1113 pervenisset,
877 1041 905 1096 in
928 1056 961 1095 eo
989 1040 1041 1096 n'os
1067 1039 1188 1096 inclusos

225 1125 345 1196 detinet,
373 1126 498 1198 idemque
520 1126 619 1199 satagit
642 1127 682 1180 uti
705 1125 819 1181 maiores
844 1132 909 1180 natu
937 1123 1049 1180 barbara
1072 1125 1188 1180 babonis

185 1203 188 1209 ’
225 1209 423 1284 quamprimum
445 1197 615 1266 conveniant.
660 1207 719 1276 Quo
742 1209 831 1280 iacto,
860 1208 893 1264 de
916 1207 993 1266 nobis
1021 1207 1092 1282 apud
1113 1209 1187 1282 ipsos

225 1295 405 1350 narrationem
427 1293 556 1350 instituit.
601 1293 752 1366 Semnocn,
781 1294 806 1349 id
832 1295 903 1350 cninr
926 1295 1042 1350 nominis
1066 1301 1123 1349 tum
1150 1292 1187 1348 illi

224 1377 354 1447 inditum,
380 1387 435 1434 tum
458 1377 537 1434 cleris
560 1387 651 1435 ortum
673 1395 734 1436 esse
755 1376 911 1452 parentibus
938 1387 1034 1452 postea
1056 1380 1188 1452 comperi·

223 1480 299 1519 mus:
323 1464 400 1520 cuius
423 1465 544 1520 oratione
561 1465 694 1537 permoti,
717 1463 803 1520 dicam
823 1463 930 1530 melius,
954 1463 1008 1520 lleo
1031 1462 1063 1518 ad
1087 1462 1188 1518 bonnm

224 1551 324 1604 exitum
348 1549 438 1605 omnia
458 1548 642 1622 perducente,
668 1547 736 1604 bene
759 1549 866 1604 animati
889 1547 983 1604 hostes
1003 1548 1031 1602 ln
1054 1563 1105 1603 nos
1127 1562 1188 1602 esse

223 1641 384 1706 coeperunt,
407 1632 557 1706 eodemque
579 1632 623 1688 die
645 1649 719 1689 sacra
735 1632 891 1707 depraedati
913 1631 1000 1702 (erent
1018 1641 1106 1688 autem
1123 1633 1188 1687 haec

224 1718 313 1772 omnia
335 1717 449 1790 perlecti
471 1719 561 1791 operis
585 1719 706 1791 quinque
728 1718 810 1774 millia
831 1716 959 1773 librarum
985 1712 1123 1791 ponderis)
1146 1733 1189 1772 ca·

223 1803 313 1874 ptivos
335 1817 386 1857 nos
404 1818 436 1857 er
458 1802 526 1858 urbe
548 1801 642 1876 egredi
657 1801 795 1860 iecerunt:
818 1801 922 1872 dolore,
948 1811 978 1858 ut
994 1802 1114 1857 omittam
1130 1817 1188 1857 cae·

225 1895 298 1955 tera,
321 1885 474 1942 vehementi
493 1886 652 1958 conlectos,
675 1894 757 1960 atque
778 1886 809 1942 ad
832 1887 960 1959 Amirem,
984 1887 1081 1960 quiin
1104 1886 1187 1942 veteri

224 1971 326 2026 maiore
348 1968 465 2026 Ecclesia
487 1970 649 2026 consederat
671 1971 858 2028 traduxerunt.
903 1970 952 2028 llic
973 1980 1062 2027 autem
1078 1969 1113 2025 in
1135 1985 1188 2024 una

224 2070 332 2126 cerum,
362 2070 431 2128 quae
458 2053 494 2111 ibi
516 2054 736 2128 reperiebantur,
766 2072 870 2113 camere
897 2055 1042 2113 conclusos
1065 2054 1185 2128 reliquit.

223 2138 280 2194 illic
295 2138 456 2196 omnimodis
478 2139 656 2196 incommodis
679 2138 751 2197 affini
772 2141 964 2215 corpusculum
988 2141 1040 2196 luit
1060 2155 1187 2206 necesse3

223 2239 285 2278 nem
308 2231 336 2280 et
358 2226 433 2298 gravi
456 2224 541 2281 odore
563 2225 639 2281 locus
662 2225 783 2299 repletus
807 2235 865 2296 est,
893 2243 926 2283 eo
955 2225 1057 2282 sellicet
1084 2225 1187 2298 quiex

222 2308 389 2364 naturalibus
412 2312 590 2366 excrementis
613 2311 745 2382 exoritur,
767 2309 901 2367 vermibus
924 2309 1004 2367 etiarn
1028 2311 1075 2384 qui
1096 2307 1188 2364 solent

222 2395 250 2448 in
272 2393 343 2450 diem
367 2394 520 2467 ingenerari
549 2403 577 2450 et
597 2402 718 2466 scatere,
745 2411 796 2452 nec
822 2412 878 2452 non
905 2394 1026 2451 muribus
1054 2401 1187 2462 consueto

174 2487 207 2534 93
224 2476 262 2534 ibi
283 2477 463 2550 degentibus,
493 2487 549 2536 tum
571 2479 758 2553 pediculorum
781 2481 916 2551 examine,
944 2489 972 2537 et
994 2479 1133 2548 cimicum,
1159 2485 1188 2532 et

223 2561 341 2636 pulicum
369 2563 566 2638 propemodum
595 2562 757 2622 exercitibus
784 2565 930 2622 inhorruit.
975 2563 1009 2619 Ut
1035 2579 1105 2620 vero,
1133 2579 1187 2617 nox

223 2647 292 2702 sacta
315 2657 368 2717 est,
392 2647 510 2704 tenebris
534 2647 626 2704 obruti
648 2665 741 2704 sumus
764 2649 814 2705 sub
838 2657 938 2705 tectum
962 2649 1046 2705 ferme
1068 2647 1187 2704 cadenti·

223 2727 282 2790 b'ns.
328 2730 413 2788 Eumo
436 2735 517 2790 etiam
541 2735 587 2806 qui
609 2733 681 2789 forte
709 2742 821 2790 externo
844 2731 926 2790 tiebat
948 2733 1057 2807 oppleta
1079 2731 1187 2802 domus,

224 2817 269 2888 qui
292 2824 320 2872 et
341 2819 548 2890 respirationem
571 2819 676 2874 miseris
690 2819 854 2890 interclusit,
876 2827 904 2874 et
926 2825 1038 2874 mutuos
1060 2825 1186 2891 aspectus

222 2901 335 2956 maxima
364 2918 395 2957 ex
418 2910 495 2976 parte
521 2901 600 2958 nobis
623 2901 730 2958 ademit.
774 2902 804 2958 ln
832 2904 882 2959 hac
910 2905 967 2977 ipse
996 2917 1100 2958 camera
1125 2917 1187 2956 cum

222 3000 301 3040 sacro
324 2987 456 3057 antistite,
479 2995 507 3043 et
529 2986 615 3044 altero
638 2986 777 3044 alllericis
796 2987 924 3043 iratribus
940 2987 1056 3044 coniecti
1072 2985 1187 3041 luimus:

221 3072 351 3144 namqui
374 3073 471 3146 reliqui
494 3072 622 3144 luerunt,
651 3071 723 3128 urbis
747 3073 849 3128 excidio
878 3089 930 3128 una
958 3087 1052 3127 omnes
1075 3077 1187 3127 contru-

223 3153 302 3211 cidati
324 3163 398 3212 sunt.
443 3156 501 3212 llies
523 3155 560 3212 ibi
583 3157 694 3231 triginta
716 3156 922 3231 complevimus:
944 3164 1091 3231 propterca
1112 3152 1187 3228 quod

222 3239 255 3294 ad
283 3240 465 3313 Syracusanas
492 3243 656 3298 munitiones
684 3241 849 3298 emoliendas
881 3242 909 3298 id
938 3241 1067 3314 temporis
1095 3238 1187 3295 volue·
1212 3239 1216 3248 '

221 3333 286 3380 runt
308 3333 511 3398 consumptum.
555 3326 606 3381 Per
628 3326 698 3382 idem
721 3327 838 3400 spatium
861 3343 890 3383 ea
912 3341 981 3401 quae
1003 3327 1072 3380 intra
1094 3338 1187 3379 muro·

222 3425 282 3464 rum
301 3407 433 3465 ambitum
456 3408 683 3482 continebantur,
706 3411 835 3468 incendiis
859 3410 999 3486 absumpta
1021 3416 1095 3464 sunt.
1140 3406 1188 3462 Cat·

223 3501 286 3564 ptae
308 3509 372 3548 vero
394 3493 510 3566 praedae
533 3493 619 3566 spolia
643 3502 685 3551 tot
706 3494 794 3566 luere,
818 3497 939 3570 tantique
960 3495 1051 3570 pretii,
1076 3500 1106 3548 ut
1126 3492 1186 3548 eius
