2550 3854
168 243 210 308 92
396 202 399 208 ⁵
505 239 798 294 announmomns

232 384 309 456 300,
334 381 384 439 24.
414 376 446 439 ἐν
468 385 512 462 cpi
539 385 605 462 coqu*
631 378 684 436 τοῦ
710 367 797 458 o‘cploo
821 372 1003 456 Μάμαντος]
1033 379 1134 438 Scribit

170 469 304 544 Georgius
326 467 472 524 Monachus
494 468 522 522 iu
537 465 676 540 hacapeuo
698 482 726 522 ιι.
752 465 790 522 13
813 465 893 520 istius
908 465 1024 539 Augusti
1045 473 1135 523 aetate

169 545 292 611 inventas
315 560 371 609 tres
393 551 559 625 sepulcrales
582 567 663 608 urnas
690 551 719 605 in
741 548 806 606 aede
833 547 862 606 S.
885 547 1040 620 humantis,
1067 549 1134 606 alte-

169 655 227 694 ram
250 654 310 696 cum
334 635 430 712 liguris
452 651 483 692 ac
504 635 683 710 imaginibus,
711 643 739 690 et
761 633 825 690 alias
848 632 915 689 duas
938 631 1042 707 absque
1063 631 1134 708 figu-

169 724 224 793 ris,
252 722 398 796 illasque
390 736 419 776 m
440 719 566 794 llyrelaei
588 719 783 776 hlouasterium
810 716 843 773 ab
866 734 897 774 ea
925 717 1064 774 conditum
1085 717 1131 774 de·

169 806 251 863 latas.
290 804 375 862 Verba
403 803 514 878 Georgii
542 811 620 860 sunt·
648 797 811 876 τηνικαῦτα
840 793 1132 898 δὲκα1Πειριιινᾶς

169 878 398 962 αἰδεσιμώτιιτος
420 877 575 990 προστάξει
597 878 750 982 Puppuvoai
777 874 967 959 βασιλέως”
946 903 1037 962 ηηαηε
1063 875 1132 980 leip-

170 991 248 1031 νακιι
254 969 413 1070 ἕνζιιιιῖον,
428 966 479 1028 καὶ
502 965 586 1047 ἕτερα
609 962 663 1028 tdo
671 961 835 1067 yiopdc'
817 965 1010 1046 αμοιροῦντα,
1034 963 1134 1068 ἕκτης
1251 964 1260 1018 ἶ

170 1056 225 1116 τοῦ
247 1045 333 1132 ἆγίοιι
355 1045 524 1131 Μάμανιος
545 1053 641 1130 μονῆς
661 1043 800 1130 ἀνδρείας
821 1059 877 1130 τῆς
898 1050 1022 1129 πλησίον
1044 1043 1136 1128 οὔσης

171 1148 232 1206 τῶν
253 1137 444 1218 Ξιιλοκέρκοιι
467 1135 630 1238 λεγομένης
646 1133 767 1217 πόρπης,
791 1132 824 1196 ἐν
844 1129 890 1209 οἷς
912 1133 1007 1242 ‹poqiv
1029 1132 1135 1196 couno

121 1236 155 1286 ot
171 1227 293 1286 κεῖσθαι
316 1221 492 1300 Muopiaeov
513 1213 570 1282 συν
589 1212 687 1325 praised
708 1213 861 1282 παισίν·“
849 1217 870 1281 ei
892 1219 942 1281 καὶ
958 1211 1030 1282 ἄπει
1032 1217 1089 1298 έθη
1105 1219 1137 1282 ἕν

172 1319 209 1395 τη
226 1308 283 1369 τοῦ
304 1305 447 1388 βασιλέως
468 1327 559 1390 μονη,
583 1302 648 1386 ἤτοι
670 1305 711 1380 εἰς
734 1303 826 1386 Μυρέ
825 1310 917 1368 intov.

237 1414 315 1485 300,
339 1412 389 1470 25.
423 1403 643 1490 Φαρασμάνης]
678 1412 754 1468 Alius
777 1429 792 1469 a
814 1413 993 1469 Pharasmane
1020 1411 1134 1484 Colcho,

173 1501 250 1558 cuius
272 1499 393 1556 meminit
414 1498 566 1572 Procopius
589 1497 717 1554 debello
739 1496 848 1554 Persico
872 1497 899 1564 1,
917 1496 946 1554 8.
969 1505 997 1554 et
1012 1493 1133 1553 debebo

172 1582 280 1641 Vandal.
304 1582 339 1655 2,
365 1583 414 1655 19,
437 1583 570 1658 siquidem
592 1583 615 1638 is
637 1580 783 1638 Eunuchus
805 1597 861 1638 non
883 1581 949 1650 luit,
979 1589 1136 1655 cumpater
1258 1613 1266 1628 ι

173 1669 277 1726 dicatur
298 1664 409 1724 Zaauae.

238 1751 316 1821 300,
346 1751 396 1808 27.
430 1737 465 1806 τοὶ
492 1743 682 1827 ηριιελεηεῖα]
716 1749 823 1806 Recitat
849 1757 990 1824 praeterea
1018 1749 1138 1807 llanrioii

120 1849 124 1858 “
173 1833 344 1912 Epitaphium
367 1834 521 1908 cedrenus,
546 1835 619 1910 quod
642 1833 764 1891 versibus
787 1833 888 1891 Latinis
911 1833 1025 1891 totidem
1046 1832 1138 1891 reddi·

174 1919 251 1976 derat
272 1919 325 1976 hoe
346 1918 408 1975 loco
429 1917 563 1993 wolfius,
590 1926 621 1975 ut
643 1927 671 1975 et
692 1918 750 1975 aliis
771 1911 903 1994 llylander
931 1919 1002 1993 apud
1023 1918 1139 1975 eundem

174 2002 339 2059 Cedreuum.
369 2003 417 2060 sed
445 2005 598 2062 versionum
626 2002 738 2060 istarum
760 2003 821 2060 loco
845 2003 929 2080 longe
956 2003 1138 2077 antiquiorem
1173 2067 1179 2074 p

175 2095 204 2145 et
230 2089 413 2144 venustiorem
441 2103 473 2145 ex
501 2087 730 2164 Epigrammatum
756 2095 879 2145 veterum
907 2087 1068 2146 collectione
1093 2087 1139 2143 Pi·

174 2172 290 2228 thoeaua
311 2171 356 2228 hic
377 2172 498 2230 luserere
521 2187 618 2247 operae
641 2173 758 2247 pretium
780 2173 868 2231 visum
892 2179 943 2230 est.

171 2270 175 2278 '
238 2271 310 2344 300,
334 2272 384 2332 30.
408 2267 504 2351 λοχίη]
528 2273 567 2330 lta
590 2272 668 2332 codd.
692 2259 757 2330 mssss
804 2277 844 2330 At
860 2272 997 2331 cedrenus
1020 2281 1048 2331 et
1069 2251 1145 2330 conf

125 2355 127 2359 ’
173 2359 309 2416 stantibus
332 2356 467 2416 llauasses
489 2377 516 2434 p.
540 2359 601 2417 178
625 2353 742 2432 λοχείην
764 2357 873 2415 habeut.

239 2459 317 2532 301,
344 2460 392 2518 18.
409 2439 446 2516 d
471 2455 612 2538 Ναρσῆς]
644 2461 805 2535 Theophan.
834 2467 862 2516 et
888 2459 1025 2532 cedrenus
1052 2460 1137 2521 au.1

175 2543 616 2700 θῑ231111130385(1)ι1.ιιιιιιιιὸς
641 2621 688 2706 δὲ]
723 2629 880 2704 Theophan.
910 2645 953 2686 au.
976 2628 997 2685 4
1023 2628 1137 2686 Phocoe.

175 2711 309 2770 buttem.
334 2712 406 2786 612,
429 2711 552 2770 Heraclio
574 2715 731 2788 imperante.
774 2712 886 2787 Niceph.
911 2712 960 2772 (ΖΡ.

239 2813 316 2886 301,
340 2813 390 2872 28.
415 2808 592 2891 dannot]
622 2813 693 2870 Obiit
715 2813 841 2889 cyriacus
864 2812 903 2871 29
928 2813 1024 2871 cctob.
1053 2829 1095 2870 au.
1119 2813 1140 2869 t

174 2897 288 2966 Phocoe,
312 2905 342 2953 ut
364 2905 407 2955 est
428 2899 456 2955 in
479 2898 611 2956 chronico
634 2899 710 2954 Alex.

239 2997 317 3071 301,
339 2998 389 3059 30.
420 2994 541 3077 Θωμᾶς]
572 2999 685 3057 creatus
712 2989 752 3056 23
776 2999 877 3056 lanuar.
908 3016 950 3057 an.
975 3000 992 3057 1
1021 2999 1137 3057 Phocae.

174 3082 246 3140 ldem
269 3081 369 3140 chron.
413 3083 488 3142 lllius
511 3085 665 3142 memoriam
686 3091 773 3161 agunt
795 3083 888 3142 Graeci
914 3084 952 3142 21
977 3083 1080 3154 ldartii,
1108 3091 1140 3140 ut

175 3174 221 3226 ost
242 3169 270 3224 1ιι
293 3167 420 3226 Menaeis.

239 3251 313 3324 302,
336 3249 363 3308 5.
385 3241 528 3330 creasse]
552 3253 671 3322 Quorum
694 3255 822 3330 frequens
838 3255 970 3311 mentio
962 3271 989 3310 ru
1004 3213 1140 3312 lirauciois

175 3335 333 3394 Annalibus.
376 3333 527 3395 chronicon
556 3337 583 3395 S.
607 3339 740 3396 vincentii
767 3339 800 3397 de
822 3338 956 3397 Vulturno
984 3355 1010 3413 p
1034 3337 1095 3396 692
1118 3358 1139 3397 o

176 3422 291 3481 cacano
314 3421 393 3494 Repe
414 3421 578 3480 Aourorum
585 3427 667 3498 ,qui
688 3432 715 3482 et
737 3425 842 3483 Hunni
861 3424 1009 3482 dicuntur.

239 3506 316 3579 302,
340 3503 390 3562 20.
417 3466 629 3584 'Avoovdototq
658 3507 698 3564 lta
725 3510 805 3566 etiam
832 3509 1012 3584 Theophanes
1040 3515 1067 3565 ot
1090 3507 1141 3566 cr·
