2550 3854
551 210 703 266 novor
722 213 773 263 111.
1088 210 1147 274 117

184 353 217 410 de
237 351 335 410 codem
359 353 500 427 Augusta:
529 345 580 407 καὶ
603 329 642 422 ἦν
670 371 685 407 τ
689 339 797 406 'itta
817 343 888 424 μὲν,
918 341 958 419 ὡς
979 344 1083 424 φασὶν,
1112 341 1150 407 οὐ

183 425 292 509 κακὸς,
315 430 366 491 nui
391 425 645 537 6οκαιοκρτσίας’
630 427 832 509 αντεχόμενος.

248 521 329 592 404,
353 521 381 580 7.
412 514 523 577 nal
491 541 527 578 τα
557 514 586 590 ἐξ
608 513 763 598 ἔμπορος]
795 519 938 593 Theophili
967 528 1056 578 tamen
1084 521 1149 577 allas

184 607 319 664 avaritiam
347 608 509 708 perstringit
536 606 655 680 scriptor
683 623 733 662 ms
765 607 833 662 vitae
863 605 889 660 S.
919 605 1059 663 loannlcii:
1092 593 1149 678 εἶχε
1178 644 1182 650 -

184 684 317 792 μὲνγὰρ
340 683 376 747 rai
400 682 551 764 Ῥωμαίων
574 688 709 764 σκῆπτρα
735 681 894 763 Θεόφιλος
925 680 941 744 ὁ
967 681 999 744 δὲ
1026 679 1149 760 ἕττόητό

187 792 217 833 τε
232 768 305 848 περὶ
328 770 383 832 τὸν
405 769 515 850 χρυσὸν
536 767 619 849 ὅλος,
647 768 698 830 καὶ
720 766 826 878 copton
847 766 974 847 ἡττᾶτο,
1001 761 1097 843 ἀλλως
1120 791 1150 829 τε

184 854 363 955 Χριστιανὸς
391 851 527 918 εἶναι
490 879 531 934 μη
555 855 668 935 φέρων,
697 853 761 935 περὶ
788 854 840 928 τὰς
862 857 948 928 θείας
974 875 1004 914 τε
1031 846 1151 932 daedala

185 935 303 1013 εἰκόνας
332 956 384 1004 eta.

248 1030 320 1102 405,
337 1030 386 1089 20.
416 1019 540 1107 Meiere]
565 1030 604 1087 lta
619 1030 727 1105 quidam
744 1029 822 1086 codd
838 1017 992 1102 aliipa'ra,
1015 1037 1047 1088 ut
1062 1027 1150 1085 'lhan-
1169 1033 1202 1083 te

188 1117 290 1188 phanes
319 1125 347 1172 et
369 1116 421 1172 alil.

248 1199 326 1272 406,
356 1199 405 1257 30.
439 1188 458 1272 ἡ
486 1191 597 1257 παλαια
626 1186 792 1276 Βαβυλών]
828 1198 912 1255 Sedes
939 1199 1072 1272 Principis
1102 1216 1150 1254 seu

189 1283 332 1357 Chaliphae
360 1284 561 1342 Saracenorum.
612 1284 761 1339 Arethas'
754 1301 781 1340 m
811 1284 992 1382 Apocalypsin
1021 1300 1081 1376 cap.
1110 1284 1153 1341 36

187 1359 236 1425 διὰ
260 1361 291 1424 δὲ
313 1365 365 1424 τοῦ
387 1360 545 1442 στόματος,
568 1390 588 1443 η
577 1356 869 1444 τηΒαβυλωνίων,
850 1385 888 1441 ην
910 1359 950 1422 a'c'r
969 1387 1013 1433 τις
1034 1355 1151 1443 ἀνταρα-

186 1448 324 1528 λογίστως
346 1447 403 1526 τὴν
425 1450 486 1509 τῶν
509 1451 724 1547 Σαρρακηναῖν
747 1444 932 1556 &melfia-true,
932 1443 1049 1507 we...
1030 1472 1077 1510 οτι
1099 1445 1151 1506 nori

186 1530 396 1611 ἔνΒαβυλῶνι
420 1534 476 1593 νῦν
499 1530 609 1594 ἔστι
580 1556 612 1594 το
628 1523 748 1613 ἆρχεῖον
771 1521 881 1608 αὐτων,
906 1525 950 1595 aiv
965 1527 1034 1611 6ὴὸ
1055 1524 1150 1592 Ἀντί-

186 1637 303 1697 χριστος
325 1614 365 1689 ὡς
383 1616 534 1695 Ῥωμαίων
554 1615 696 1716 psaltria
717 1611 868 1694 κρατήσει.

248 1706 395 1778 406,17.
430 1701 561 1783 μοναχὸν
583 1697 742 1784 Λάζαρον]
766 1707 801 1763 οο
825 1711 879 1782 quo
902 1708 1059 1764 Anastasius
1082 1706 1149 1763 Bihl.

184 1795 212 1849 in
235 1745 380 1849 Benedicta
404 1792 445 1849 lll.
468 1811 496 1867 p.
519 1793 598 1852 206.
627 1795 714 1850 huius
735 1793 911 1864 temporibus
925 1792 1053 1848 Michuel
1072 1795 1152 1864 filius

189 1877 339 1950 Theophili
357 1878 431 1950 Imp.
455 1878 790 1951 Constantinopolitanae
810 1878 891 1934 urbis
910 1878 1092 1950 Imperator,
1118 1877 1151 1933 ab

191 1977 316 2019 amarem
336 1963 539 2034 Apostolorum
561 1967 637 2019 misit
657 1965 697 2021 ad
716 1964 753 2018 B.
771 1962 888 2019 Petrum
910 1962 1080 2034 Apostolum
1103 1963 1152 2019 cla-

189 2065 256 2103 num
269 2061 326 2119 per
341 2065 456 2104 manum
472 2049 583 2106 Lazari
595 2049 744 2116 monachi,
768 2055 796 2103 et
814 2049 957 2120 pictoriae
979 2051 1053 2104 artis
1067 2050 1152 2102 nimie

187 2133 306 2202 eruditi,
329 2148 435 2205 periere
458 2149 526 2190 aero
550 2133 678 2190 Chazari
697 2141 750 2188 etc.
796 2131 849 2187 Sed
873 2131 906 2186 de
927 2131 1027 2187 Lazaro
1049 2133 1076 2186 in
1098 2131 1153 2204 pri·

187 2217 238 2270 mis
261 2215 443 2272 consulendus
466 2217 612 2273 Bollandus
640 2217 673 2272 ad
697 2216 736 2273 23
760 2214 839 2271 Febr.
870 2232 924 2288 qua
955 2215 1053 2270 lestum
1081 2214 1152 2270 illius
1178 2243 1181 2248 ·

189 2305 275 2373 agunt
297 2299 389 2356 Graeci
412 2309 440 2356 et
463 2301 559 2356 Latini.
595 2301 658 2357 Vide
681 2301 761 2357 etiarn
783 2299 891 2355 llcnaea
913 2299 945 2360 ad
970 2299 1007 2354 17
1024 2297 1153 2354 Novemh.

191 2383 277 2440 Porro
300 2383 391 2440 Sancti
412 2383 505 2442 Lazari
527 2385 654 2459 reliquias
683 2387 710 2440 in
732 2383 850 2439 Euandri
873 2382 1063 2438 llonasterium
1086 2382 1154 2438 relu-

191 2477 233 2524 tas
256 2468 336 2530 docet
360 2470 532 2542 Syrraxarlum
555 2487 605 2525 ms.
630 2469 668 2526 17
685 2468 812 2525 Novemb.
837 2484 891 2540 quo
915 2468 972 2524 elus
995 2467 1094 2524 lestum
1110 2483 1154 2522 ce·

188 2551 294 2608 lebrant
317 2553 424 2611 Graeci:
453 2547 504 2609 nal
532 2547 565 2610 τὸ
592 2549 690 2650 τίμιον
719 2539 812 2608 αὐτοῦ
836 2549 921 2626 σῶμα
948 2539 1154 2624 ἀνακομισθὲν

187 2653 274 2692 nater
276 2630 371 2711 lion
371 2655 389 2690 ν
411 2641 448 2718 τῆ
468 2635 546 2718 μονῇ
567 2635 620 2694 τοῦ
642 2627 813 2710 Εὐάνδρου.

251 2721 330 2792 409,
354 2721 404 2780 32.
431 2695 581 2800 Μωζηλὲ]
614 2723 649 2780 oc
672 2723 764 2780 Alexio
787 2721 888 2778 llasele
915 2720 998 2776 nobili
1027 2721 1154 2776 Armenia

192 2807 298 2881 egimus
314 2809 342 2862 in
358 2807 457 2864 iamllia
472 2807 608 2865 Michaelis
623 2807 704 2870 Balbi,
727 2805 865 2863 inllamil.
882 2806 997 2880 August.
1015 2805 1154 2878 Byzantia.

189 2909 218 2964 p.
244 2889 319 2964 133,
348 2893 425 2948 cuius
453 2895 558 2966 posteri
586 2891 617 2946 ad
647 2902 791 2948 extremam
816 2890 920 2946 tandem
949 2889 1049 2946 redacti
1077 2899 1156 2946 erant

187 2983 373 3052 paupertatem
396 2975 447 3032 suh
469 2977 567 3034 Basilio
590 2975 806 3050 Bulgaroctono.
835 2983 866 3030 ut
894 2990 925 3030 ex
953 2975 1010 3030 clus
1033 2973 1154 3044 Novella,

188 3076 257 3133 quae
279 3060 444 3117 describitur
464 3063 492 3116 in
515 3063 574 3118 iure
597 3060 768 3118 Graecorom.
794 3070 813 3116 t.
831 3059 860 3115 2.
883 3077 911 3133 p.
931 3056 989 3116 175
1012 3058 1153 3128 docemur,

188 3143 234 3200 ubi
257 3142 310 3200 τοῦ
333 3143 511 3220 Μαγίοτρου
534 3138 688 3219 ‘Papulae
710 3148 763 3199 rod
785 3136 927 3199 Μουσελὲ
949 3135 1089 3218 ἐγγόνους
1112 3136 1154 3208 εἰς

188 3220 390 3300 ἀπορίανκαὶ
413 3225 527 3286 τελείαν
556 3223 675 3286 ἔνδειαν
697 3230 852 3303 pervenisse
875 3230 927 3298 ait.
956 3243 1017 3284 oum
1045 3227 1084 3283 illi
1107 3244 1154 3300 pa·

189 3314 344 3370 trimonium
368 3331 446 3372 suum
469 3312 520 3370 ab
524 3331 574 3370 nvo
597 3322 624 3371 et
647 3313 803 3388 parentibus
825 3313 949 3370 relictum
972 3314 1041 3368 circa
1063 3311 1154 3367 Philo-

188 3395 294 3453 milium
319 3401 500 3472 possiderent.

252 3482 370 3555 410,1.
396 3479 556 3560 Κρινιτών]
581 3476 635 3540 adr
656 3475 790 3556 ἐπιφανῆ
805 3500 855 3541 ναι
847 3476 974 3560 τερίβλ
977 3496 1065 3538 ennon
1080 3479 1153 3557 Κρι·
