2544 3852
200 190 261 254 176
538 189 821 244 ANNOTATIONES

199 331 281 401 ελπι,
302 316 372 428 μηδ’
390 318 461 386 vitto
482 322 586 404 μηδὲν,
609 325 661 402 τῆς
681 319 794 396 πόλεως
818 322 920 400 ἔξεισι,
943 320 994 384 καλ
1015 313 1090 383 κατὰ
1110 324 1167 382 τοῦ
1208 373 1210 376 .

198 407 417 510 ἀποστήσαντος
439 408 550 482 ἔθνους
572 403 770 505 στρατεύεται,
792 407 854 484 καλ,
876 407 909 468 τδ
927 409 988 469 τοῖν
1008 428 1168 512 κριματων
1262 449 1263 468 τ

198 515 268 569 σου,
282 491 397 594 κύριε,
426 493 585 574 λογίζεται,
612 488 829 574 περιτύττεται,
857 490 969 576 ἒλαύυη
992 488 1085 570 ἐφ’
1067 513 1166 554 ιππον

199 575 316 659 νεκρός.

265 669 340 740 148,
365 669 415 730 22.
445 659 497 722 καλ
525 655 643 721 δι’πεισιν
665 655 745 734 είς”
691 683 800 739 ςυπερ
827 650 917 733 αὐτὸς
942 653 1000 760 πρὸ
1022 669 1086 767 τιὸγ
1109 682 1166 720 τει-
1262 699 1263 720 t

200 750 261 828 γῶν
283 713 352 852 υῑοί]
377 752 489 809 Μίολιεελ
511 750 617 808 Psellns
639 749 686 808 lib.
700 751 800 808 thist.
818 768 868 808 ms.
891 743 943 806 καλ
965 737 1001 824 66
1023 768 1074 805 και
1090 739 1165 806 ναόν

200 839 261 906 τοῖς
285 826 478 936 Ἀνριργύροις
500 827 596 892 αὐτοῦ
617 839 671 892 τοῦ
693 824 751 909 πρό
773 831 833 890 τῶν
855 831 960 929 τειχῶν
981 833 1034 890 τοῦ
1055 824 1165 902 ἄστεως

199 913 274 995 πρὸς
296 923 360 990 ταῖς
381 908 539 988 ἀνατολαῖς
568 924 622 976 τοῦ
643 912 730 995 ἡλίου
758 907 894 1020 λαμπρόν
917 911 1095 994 ἐδομήσατο·
1125 911 1163 974 ού

200 1011 304 1066 πᾶσαν
325 1001 419 1080 κρηπί
406 999 456 1060 ίδα
477 996 645 1107 καταβαλλ’
628 1019 748 1078 ομενος,
775 992 851 1062 6666
876 999 994 1077 μείζονα
1016 999 1165 1077 θεμελίοις

200 1081 467 1168 περιβαλλόμενος
493 1077 540 1189 ηγ
567 1076 625 1164 γὰρ
654 1083 746 1144 ἐκεῖσε
776 1082 866 1163 σηκός
895 1078 1083 1163 λαμπρότητα
1110 1081 1165 1160 μὲν

201 1169 345 1250 ούδεμίαν
360 1169 445 1269 ξηων,
465 1159 532 1230 οὐδ’
549 1165 743 1247 ἐπίσημος
705 1192 741 1252 τη
742 1169 935 1268 κατασκευῇ.
965 1169 1070 1230 τοῦτον
1086 1165 1162 1230 ἐκεῖ·

200 1279 251 1328 νος
273 1254 315 1328 είς
336 1249 456 1316 κύλλιον
477 1252 678 1332 μεταθέμενος
699 1253 813 1332 σχῆμα,
841 1253 891 1316 καλ
912 1244 1125 1332 περιβολύςξ
1094 1253 1163 1328 ἔξω·

200 1348 259 1402 θεν
281 1337 490 1438 ποιησόμενος,
512 1339 620 1417 τείχεσί
639 1359 669 1398 τε
691 1337 871 1416 περιβαλὼν,
892 1336 943 1398 καλ
964 1335 1161 1438 οἰκοδομημά-

200 1449 260 1488 των
282 1419 455 1503 λαμπρύνας
477 1429 683 1499 κατασκευαῖς,
705 1417 888 1501 ύσκητήριον
910 1427 998 1484 θεῖον
1019 1413 1162 1498 ἀπέδειξε.

201 1515 239 1572 En
262 1513 359 1588 quibus
381 1514 461 1589 plane
483 1513 613 1570 docemur
635 1512 747 1569 eandem
769 1512 854 1570 fuisse
875 1511 968 1569 nedem
984 1527 1082 1585 quaen
1097 1511 1163 1568 Pau·

203 1601 260 1657 lino
282 1599 412 1672 Magistro
435 1597 486 1654 snb
502 1597 687 1653 Theodosio
679 1597 784 1652 iuniore
806 1597 944 1654 aedificata
959 1597 1063 1668 inerat,
1086 1613 1165 1670 quam

203 1684 429 1740 iionomnehus
422 1699 448 1738 tn
471 1681 627 1755 ampliorem
643 1680 855 1754 magnitudinem
869 1682 1067 1740 instauraverit
1101 1680 1165 1738 Vide

202 1777 324 1824 nostram
347 1765 608 1839 Constantinopolim
631 1764 729 1822 Christ.
752 1763 798 1822 lib.
821 1765 851 1823 4.
875 1785 902 1840 p.
922 1761 998 1824 182.

268 1851 339 1924 148,
362 1851 412 1909 26.
446 1846 572 1922 κείρεται
596 1842 627 1906 δὲ
650 1839 705 1920 τὴν
720 1844 816 1945 τρίχα]
840 1848 960 1907 Psellns:
983 1843 1165 1950 μεταμφιέν-

203 1953 310 1991 νυνται
331 1925 387 2004 τήν
410 1925 573 2008 ολλουργίδα
594 1929 648 1988 τοῦ
650 1923 839 2071 ίπνεύμντος,
862 1921 894 1990 τό
906 1927 1031 2030 γεκρδν
1034 1921 1165 2008 ολποβύλ-

204 2019 284 2074 λεται
306 2015 366 2074 τῶν
382 2014 502 2114 τριχῶν,
522 2010 575 2110 μαλ
590 2007 774 2112 ἀναίσθητος
787 2015 975 2120 σταυροῦται
989 2017 1031 2096 τῷ
1046 2009 1164 2097 κόσμῳ

202 2095 349 2173 δπλίζεται
376 2093 413 2159 τύ
440 2089 531 2202 νοητολ
554 2089 649 2202 ὅπλα,Ι
677 2093 822 2172 ζόννυται
853 2089 916 2196 την
933 2097 1100 2179 μάχαιραν,
1129 2099 1166 2197 τῇ

202 2185 419 2281 περικεφαλαίγ
433 2181 580 2260 σκέπειαι,
601 2181 653 2243 καὶ
643 2176 884 2286 τροπαιοφόρος
898 2173 1078 2263 ἀναίμακτος
1092 2176 1166 2262 πρός

202 2262 255 2329 τόν
277 2247 422 2347 δεσπότην
443 2262 544 2371 χμρεῖ,
563 2264 614 2327 καὶ
635 2261 652 2328 6
676 2262 815 2346 βασιλεύς
838 2262 966 2344 ἀπῆλθε.

269 2358 340 2430 148,
364 2359 414 2416 30.
446 2343 486 2424 σός
508 2340 563 2414 o6v
584 2347 719 2433 ἠγγέλθη
740 2375 776 2436 τη
762 2352 934 2433 βασιλίδι]
957 2357 1090 2431 idipsum
1105 2373 1165 2413 nar·

203 2451 246 2498 rat
267 2442 379 2500 Michnel
402 2442 508 2499 Pseiius
530 2440 576 2500 lib.
593 2442 613 2498 4
636 2450 704 2498 extr.
721 2443 785 2500 hist
801 2459 852 2498 ms.
877 2441 1005 2517 additque
1027 2442 1164 2548 sepultum

204 2520 236 2583 ἐν
264 2518 349 2604 αὐτῷ
377 2523 420 2605 τῷ
446 2524 506 2604 νεῷ
535 2525 592 2601 (SS.
621 2522 837 2602 Annrgynornm)
865 2519 979 2582 εἰπόντι
1006 2517 1094 2582 κατὰ
1111 2511 1165 2597 τὴν

204 2604 292 2668 λαιὰν
314 2582 507 2687 πλευρόν,ξ
478 2580 591 2679 δξοιθεν
612 2615 667 2667 τοῦ
687 2605 828 2684 βηματος.

272 2695 341 2768 160,
365 2696 393 2752 9.
427 2692 488 2752 τῶν
509 2688 567 2771 γὰρ
588 2683 640 2790 τρλς
663 2713 737 2767 νηας
759 2681 999 2750 καταπιττύνταν
1013 2680 1068 2790 ἦν]
1092 2692 1165 2751 Ρεελ-

203 2779 276 2836 ius
269 2797 296 2836 in
319 2779 376 2836 ond.
399 2780 494 2872 Epist.
507 2774 557 2835 καλ
579 2770 635 2850 τὴν
657 2777 727 2854 past
728 2767 845 2834 λειον’
828 2766 924 2854 αρχην
938 2769 1163 2852 περιζώννυται,

203 2849 260 2957 ούμ
280 2855 458 2964 Ἀντίοχρς,
462 2849 586 2921 ούδὲΣ
555 2858 713 2936 Σέλευκος,
735 2853 843 2963 όὶγδρες
864 2857 916 2920 καλ
925 2860 1093 2959 πολεμῆσαι
1109 2858 1164 2918 δει-

204 2938 333 3010 νότιιτοι,
357 2941 407 3002 κοιλ
429 2939 460 3004 τό
485 2942 553 3004 δέον
560 2946 724 3044 φρονῆσαι
747 2933 893 3050 ὀξύτατοι,
916 2933 976 3003 ἀλλ’
1000 2939 1079 3024 ἀνὴρ
1094 2940 1165 3022 χθές

204 3048 235 3087 τε
263 3026 312 3088 καλ
332 3026 420 3172 ἐπραλ
449 3031 544 3104 νῆας·
549 3021 707 3131 ολρμόττιρν
736 3027 787 3088 καλ
821 3026 1086 3128 συμπηγνύμενος,
1113 3025 1164 3088 καλ

203 3112 309 3174 πίτταν
332 3108 537 3209 ἕπεμβόλλοιν,
565 3118 626 3185 τοὶς
647 3109 775 3192 γόμφοις
797 3111 848 3173 καλ
847 3103 1013 3216 ἆσβόλαις
1035 3109 1165 3190 πληρού-

203 3217 302 3275 μενος,
324 3189 380 3257 ούκ
402 3191 479 3270 εἶδος
501 3198 576 3276 ἔχων
598 3193 790 3276 τυραννικόν,
820 3190 857 3258 ού
878 3192 1045 3304 φρόνημα
1044 3202 1165 3296 μεγαλο-

203 3279 328 3388 πρεπλς,
356 3274 392 3340 ού
414 3277 503 3362 λόγον
524 3281 670 3360 ἕμμουσον
691 3281 742 3344 κοιλ
764 3279 919 3363 χαριέντα,
945 3303 1002 3343 ουκ
1022 3280 1096 3344 ίῖλλο
1117 3275 1166 3342 ού-

205 3363 256 3427 δὲν
277 3370 339 3428 τῶν
360 3359 411 3425 οἷα
432 3364 538 3474 ψυχην
560 3361 620 3426 otas
643 3365 802 3428 καλλύνειν
824 3363 876 3426 καλ
898 3361 991 3472 φύσιν
1018 3364 1166 3468 σώματος.

205 3434 229 3512 6
251 3449 319 3511 Νία
338 3442 442 3530 Ῥώμη,
465 3449 516 3511 καὶ
538 3449 622 3531 γένος
644 3449 862 3533 μεγαλοπρεπὲς
881 3473 932 3510 και
924 3436 1166 3533 ἐλεύθερον,
1140 3472 1165 3512 οι
