2550 3854
191 258 253 324 100
530 259 812 324 hunorurrouss

188 402 289 474 impar,
319 398 489 474 profligavit,
518 398 592 472 quod
614 399 737 473 pluribus
759 407 852 458 narrat
875 398 1008 474 Georgius
1030 401 1153 473 Aeropo·

188 484 267 541 lita
259 501 286 540 ιιι
308 483 410 544 Chron
434 500 491 557 eap.
514 481 565 546 25
611 483 665 540 Sed
688 492 716 540 et
739 483 832 542 scribit
854 483 967 540 loannes
990 483 1152 540 Cantacuze·

180 585 238 624 nus
262 568 291 641 1,
314 567 354 626 52
378 567 555 644 flagrantibus
577 569 651 624 iuter
666 577 815 664 utrumque
837 567 1021 625 Andronicum
1042 567 1152 624 Palaeo-

183 652 279 727 logum
308 651 431 709 civilibus
458 652 553 724 bellis,
584 653 719 732 iuniorem
746 641 816 720 τούς
844 645 891 708 ἐπὶ
920 653 984 720 ταῖς
1009 647 1153 720 σπονδαῖς

178 731 397 834 γεγενημένους
418 733 472 792 τοῦ
493 730 641 812 moechor&
643 753 698 812 oon
699 728 821 812 docuit
823 755 862 806 ως
877 729 1001 838 ὅρκους,
1019 725 1077 805 οὓς
1097 755 1151 792 αυ-

182 809 232 890 τὸς
256 811 330 902 οἴετο
352 815 498 898 tropario,
522 815 698 878 κελεῦσαιέ
699 816 733 877 sci
755 825 812 896 τῆς
834 818 961 896 σημαίας
982 809 1153 890 αναθὲννας

128 917 131 924 ’
182 879 267 964 εὐθῦ
286 907 393 982 χωρεῖν
414 901 574 1002 πολεμίων.

247 991 400 1064 323,17.
438 981 569 1068 Παύλῳ]
602 990 784 1047 Monachus'
777 1008 800 1047 rs
822 991 874 1046 luit
896 991 1053 1047 hlonasterii
1075 989 1153 1047 Calli-

183 1079 272 1135 strati.
318 1035 415 1150 licque
443 1075 489 1132 ille
517 1076 648 1132 duntaxat
676 1075 820 1132 Leontium
849 1077 1045 1150 imperaturum
1073 1091 1152 1150 prae·

184 1161 299 1235 dixerat,
322 1160 370 1216 sed
392 1167 420 1216 et
436 1159 585 1234 Gregorius
607 1159 783 1234 hegumenus
798 1152 831 1215 ἐν
852 1157 889 1237 τῇ
910 1153 1040 1234 Φλώραν
1062 1156 1151 1238 μονῇ,

184 1253 217 1302 ut
238 1253 280 1302 cst
302 1245 374 1319 apud
396 1243 580 1318 Nicephorum
603 1243 651 1300 GP.
675 1261 702 1318 p.
720 1243 780 1301 115
803 1253 832 1301 et
854 1244 936 1302 alios:
959 1245 992 1301 de
1014 1261 1070 1318 quo
1091 1246 1151 1320 qui·

184 1329 246 1394 dem
268 1329 432 1386 llouasterio
455 1331 560 1403 egimus
582 1329 611 1384 in
633 1337 726 1386 nostra
742 1328 979 1403 Constantinopoli
999 1328 1063 1404 4p.
1081 1327 1152 1402 156,

185 1413 246 1486 ubi,
275 1422 306 1471 ut
329 1415 381 1470 hoc
403 1413 490 1470 obiter
512 1429 653 1487 moneam,
682 1412 840 1470 Eustathius
864 1423 959 1470 auctor
981 1413 1150 1471 Commenta·

185 1499 289 1556 riorum
310 1501 338 1555 iu
359 1497 522 1575 Homerum,
553 1499 654 1572 quique
683 1499 711 1554 in
733 1497 897 1572 llyreusem·
910 1499 1073 1573 Episcopum
1097 1499 1152 1555 ele·

185 1592 264 1657 ctus,
286 1591 383 1658 postea
405 1583 654 1640 Thessalonicensis
677 1584 767 1639 estitit
789 1584 1032 1657 hrehiepiscopus,
1058 1599 1152 1640 mona·

185 1669 265 1725 chum
289 1668 357 1742 egit,
380 1673 411 1724 ut
426 1667 556 1726 docemur
578 1685 611 1726 en
623 1667 758 1724 Demetrio
774 1666 963 1725 thomatem·
955 1683 984 1723 ru
999 1666 1152 1742 Responsis

185 1752 219 1808 ad
241 1753 446 1810 Constantinum
476 1751 637 1809 Cahasilam:
667 1747 720 1808 τοῦ
744 1745 802 1828 γὰρ
833 1741 1007 1846 σοφωτάτου
1037 1744 1154 1807 ἐκείνου

118 1832 119 1839 '
187 1825 379 1908 fflcsnbloo,
407 1829 559 1894 rodoardo
583 1833 727 1911 Φλῶρον,
757 1823 940 1893 διακόνου”
922 1852 1007 1904 οντος
1029 1832 1080 1908 τῆς
1103 1852 1154 1910 με·

185 1911 278 1997 γαλης
300 1915 471 1994 ἐκκλησίας,
500 1915 552 1975 καὶ
575 1918 752 1995 Μαΐστορος
778 1917 839 1977 τῶν
861 1909 1008 1998 ῥητόρων,
1038 1911 1130 1988 εἰς
1099 1937 1155 1978 τον

188 2003 316 2062 Λυκίων
339 1999 474 2104 Μυρέων
496 1999 705 2078 ψηφισθένσος
726 2015 778 2068 ete.

253 2089 330 2162 324,
363 2089 413 2148 13.
447 2080 593 2162 Ἰωαννην
624 2085 804 2168 Πατρίκιον]
835 2090 933 2152 hirica,
963 2098 1109 2164 postquam
1137 2107 1153 2148 a

188 2175 352 2242 lustiuiauo,
381 2174 502 2232 belisarii
525 2191 624 2250 opera,
652 2177 679 2232 in
702 2178 744 2233 ius
766 2183 986 2251 potestatemque
1008 2174 1155 2248 imperato·

189 2277 249 2318 rum
272 2275 381 2316 rursum
404 2263 553 2332 concessit,
578 2277 592 2316 a
614 2260 798 2334 Praetoribus,
821 2275 890 2334 quos
912 2259 1049 2316 interdum
1070 2258 1156 2316 Patri·

190 2347 262 2418 cios,
285 2344 423 2401 interdum
446 2345 589 2420 Magistros
611 2345 727 2401 militum
751 2345 856 2420 Airicae
878 2351 974 2400 vocant
996 2345 1155 2417 scriptores,

189 2429 369 2486 administrari
391 2429 519 2503 deinceps
541 2431 646 2502 coepit:
671 2444 787 2504 quorum
807 2431 910 2504 primus
925 2429 998 2484 huuc
1013 2429 1157 2502 magistra·

189 2521 247 2570 tum
277 2514 363 2588 gessit
388 2512 517 2570 Salomon
545 2512 709 2587 Eunuchus,
743 2516 790 2588 qui
817 2529 875 2569 rem
902 2513 1039 2586 praeclare
1069 2514 1157 2586 gessit

189 2605 285 2654 contra
311 2597 491 2670 Mauritanos,
523 2614 593 2672 quos
622 2607 649 2655 et
676 2598 846 2655 delenitam.
872 2595 950 2671 525,
979 2607 1010 2654 ut
1034 2597 1157 2654 scribunt

189 2682 340 2756 Procopius
362 2681 444 2739 lituu
468 2681 580 2742 Vandal.
603 2681 774 2740 llareelliuus
796 2681 943 2742 Comesset
965 2682 1155 2755 Theophanes.

188 2767 227 2822 Eo
250 2783 312 2822 cum
334 2769 455 2824 exercitu
476 2766 635 2840 dissidente,
658 2769 758 2824 missus
780 2767 940 2844 Germanus,
963 2766 1105 2823 Iustiniani
1121 2780 1157 2824 ex

188 2851 274 2906 fratre
295 2867 399 2923 nepos,
429 2868 500 2908 auno
524 2850 599 2925 536,
629 2853 755 2926 quirem
777 2851 893 2910 feliciter
919 2853 1004 2923 gessit
1026 2850 1156 2908 adversus

188 2933 310 2990 Stotzam
332 2943 489 3010 tyrannum,
512 2953 545 2992 eo
568 2937 641 2992 inter
663 2937 816 2993 llaurorum
838 2933 947 2992 deserta
969 2934 1095 2992 bellando
1117 2935 1157 2990 ei·

189 3017 297 3092 iugato.
340 3019 404 3076 lnde
427 3027 554 3078 revocato
578 3019 722 3094 Germano,
746 3037 816 3077 anuo
832 3018 904 3078 539.
943 3020 1073 3076 Salomon
1095 3036 1159 3076 rur·

189 3119 250 3158 sum
272 3105 300 3159 in
322 3120 380 3160 eam
402 3107 569 3180 provinciam
591 3105 700 3172 missus,
724 3105 840 3162 feliciter
860 3104 1001 3177 dimicans,
1024 3123 1054 3162 ac
1068 3103 1158 3160 rebel·

189 3186 308 3244 lienibus
331 3188 507 3263 proturbatis,
530 3189 638 3246 tandem
662 3189 694 3246 ah
718 3189 817 3246 eodem
840 3188 945 3262 Stotza,
969 3189 1016 3263 qui
1037 3204 1157 3264 regnum

139 3281 173 3330 69
193 3273 222 3328 in
244 3270 332 3330 Eremi
354 3271 476 3346 partibus
492 3275 637 3345 invaserat;
660 3273 821 3331 interficitur
839 3289 910 3330 anno
925 3273 996 3344 541,
1021 3290 1076 3330 uon
1091 3289 1158 3328 vero

189 3359 308 3414 triennio
331 3364 410 3430 post,
433 3367 464 3413 ut
486 3360 595 3432 scripsit
618 3358 708 3416 Victor
729 3359 912 3418 Tuuuneusis.
956 3357 1086 3434 Sergius,
1109 3356 1159 3413 Sa·

190 3441 309 3499 lomouis
331 3457 364 3498 ex
385 3440 469 3496 fratre
491 3458 594 3516 nepos,
624 3444 722 3502 Bacchi
744 3442 838 3515 filius,
858 3443 932 3501 illius
954 3443 1015 3500 loco
1038 3444 1160 3500 mittitur

190 3523 255 3582 belli
278 3525 489 3599 moderatorque
510 3529 673 3600 provinciae.
716 3531 739 3584 A
762 3529 854 3588 Stotza
878 3540 905 3586 ct
927 3527 1024 3586 llamis
1050 3529 1159 3603 inquie-
