2544 3852
105 232 262 344 ”204

200 416 375 468 Adulterium
389 421 418 468 et
431 415 541 467 eaedem
555 431 655 481 graves

234 483 657 672 {tttptrtttrtntt

247 635 279 670 ur
296 636 329 674 r.

202 685 366 738 Aedificatio
389 687 504 738 vicatim
528 691 556 737 et
582 686 657 752 oppi-

236 756 321 804 datim
339 755 488 805 distributa
507 756 566 806 178.

201 822 339 874 Aedilium
356 825 496 873 institutio
514 829 542 872 et
560 837 659 872 munus

202 961 366 1023 Aegimurus
389 957 497 1023 eapitur
521 975 537 1007 a
558 957 658 1007 Martio

203 1095 292 1159 Aegia
310 1091 427 1143 Ciliciae
446 1094 523 1145 Bae.

203 1161 319 1226 Aegilus
339 1161 432 1214 3163.

203 1228 368 1293 Aegithalns
386 1230 446 1278 391.

203 1295 659 1361 Aegrotilugendi,uonmortui82.

204 1364 341 1428 Aegrotas
373 1364 407 1412 ab
438 1362 659 1429 expeditionibus

238 1447 294 1481 uon
313 1431 437 1482 abstinet
455 1435 514 1482 220.

204 1500 379 1564 Aegyptiaoa
398 1501 496 1551 elassis
515 1502 609 1552 Bata.

204 1567 473 1632 AegyptiiAbraami
483 1567 611 1633 discipuli
620 1567 662 1615 22.

205 1635 338 1700 Aegyptii
363 1637 554 1686 incantatores
580 1637 661 1686 mira-

241 1703 305 1752 eula
324 1702 409 1752 edunt
428 1704 471 1755 36.

205 1769 337 1835 Aegyptii
360 1770 528 1821 arundineus
548 1772 661 1822 baculus

206 1905 339 1970 Aegyptii
357 1905 499 1970 profligati
517 1923 534 1956 a
546 1906 664 1972 Babylo·

240 1972 294 2021 niis
314 1974 369 2022 116.

206 2038 351 2105 Aegyptiis
371 2038 459 2104 Cyrus
478 2043 644 2105 pareit162.

207 2108 405 2172 Aegyptiorum
433 2108 461 2157 in
488 2111 558 2160 mari
581 2111 662 2162 rubro

241 2177 371 2228 interitus
389 2177 431 2229 36.

206 2259 403 2325 Aegyptiorum
413 2275 500 2311 annus
508 2268 663 2314 menstruus

241 2327 341 2378 falsam
360 2329 538 2395 antiquitatis
557 2332 663 2397 opinio-

241 2410 301 2444 nem
318 2392 376 2447 illis
396 2396 477 2447 affert
494 2400 552 2448 323.

206 2462 361 2529 Aegyptius
375 2463 460 2514 Scleri
474 2467 664 2529 aquositate.

207 2530 350 2596 Aegyptus
367 2533 485 2582 Mesrem
502 2535 544 2585 21.

209 2599 350 2664 Aegyptus
368 2615 418 2664 per
435 2600 581 2668 Iosephum
600 2603 663 2654 sub·

242 2669 317 2716 16616
335 2668 476 2717 Pharaoni
494 2673 535 2720 30.

207 2735 348 2799 Aegyptus
362 2751 379 2785 a
392 2733 463 2798 Cyro
475 2737 592 2788 subacta
606 2738 662 2788 168.

208 2801 348 2867 Aegyptus
368 2808 396 2852 et
408 2803 556 2870 Aethiopia
568 2821 664 2856 versus

243 2875 366 2920 austrum
385 2872 442 2922 126.

208 2954 349 3018 Aegyptus
372 2955 406 3005 ab
429 2957 554 3022 Augusto
577 2960 665 3009 vecti-

243 3023 315 3085 galis
335 3023 487 3080 16616631.
514 3026 538 3074 A
555 3025 665 3076 Diocle·

242 3091 318 3139 tiano
328 3091 379 3142 sub
388 3093 480 3157 iugum
488 3094 665 3145 redaetadto.

207 3172 290 3224 Aelia
313 3174 474 3240 Capitolina
497 3193 545 3243 pro
568 3179 665 3229 Hiero·

242 3241 354 3307 solymis
372 3245 481 3296 condita
499 3247 558 3297 689.

207 3324 302 3377 Aelius
315 3327 463 3384 Adrianus.
486 3332 554 3383 Vide
566 3334 663 3384 Adria-

241 3409 302 3444 nus.

207 3462 302 3522 Aelius
312 3466 412 3515 Paetus
423 3467 518 3518 consul
529 3484 589 3518 eum
600 3470 663 3522 Gal·

242 3529 276 3578 lis
295 3537 400 3596 pugnat
417 3535 475 3587 tte.

468 315 472 322 .
545 279 662 330 INDEX
681 280 818 332 RERUM.

707 415 803 467 Aelius
821 413 919 466 Gallus
944 415 1065 481 Aegypti
1086 432 1167 482 prae·
1263 449 1265 472 z

742 484 832 534 feotus
855 484 986 534 Arabiam
1012 484 1166 534 infeliciter

743 556 835 602 tentat
853 553 912 606 634.

708 619 827 670 Aemilia
840 619 934 683 Syllae
947 620 1076 684 privigna
1085 621 1166 670 Pom-

743 689 805 753 peio
823 688 904 737 nubit
920 689 979 738 473.

710 755 880 806 Aemilianus
890 755 1001 821 Scythis
1012 755 1113 819 eaesis,
1122 768 1168 803 ar·

742 829 877 942 titt}
896 837 1167 964 31131311

744 959 903 1010 Sardiniam
925 959 1024 1008 missus
1046 960 1105 1012 401,
1136 958 1165 1005 in

744 1026 861 1092 Ligures
878 1027 938 1077 402.

710 1096 744 1147 L.
761 1094 894 1144 Aemilius
920 1098 1017 1144 eontra
1039 1092 1165 1144 Tarenti·

744 1177 795 1214 nos
814 1163 913 1213 missus
931 1162 992 1212 368.

711 1232 745 1294 Q.
767 1229 900 1280 Aemilius
924 1229 1019 1279 eonsul
1043 1231 1071 1277 in
1096 1227 1165 1277 Siei-

745 1297 811 1347 liam
829 1303 907 1348 vemt
924 1299 983 1348 386.

712 1363 1167 1416 M.AemiliusPoenosvincit393.

712 1432 846 1484 Aemilius
859 1433 991 1482 Insubres
1002 1430 1096 1482 eaedit
1108 1432 1167 1481 403.
1263 1413 1265 1476 l

712 1503 749 1552 Μ.
772 1501 904 1551 Aemilius
928 1501 1051 1565 Lepidus
1075 1503 1168 1548 castra

748 1574 845 1618 eontra
862 1567 1026 1618 Antiochum
1045 1565 1170 1617 defendit

713 1699 1170 1769 AemiliusScauruspropterAtre-

747 1787 793 1822 um
810 1770 841 1822 111
857 1772 927 1821 Aiax
944 1774 1002 1824 661.

713 1839 848 1890 Aemilius
874 1841 981 1890 Laetus
1007 1837 1172 1904 praelectus

748 1908 887 1973 praetorio
906 1909 964 1958 601.

714 1975 850 2025 Aemilius
868 1974 971 2025 Paulus
992 1971 1088 2024 consul
1109 1973 1171 2022 406.
1263 1999 1264 2008 1

714 2111 868 2161 Aemulatio
888 2110 1035 2162 seditionis
1057 2107 1172 2158 occasio

714 2246 863 2297 Aeneadae
882 2246 998 2296 Romani
1015 2245 1074 2296 313.

714 2317 825 2366 Aeneae
836 2330 880 2364 res
891 2313 1029 2379 gestae-in
1040 2311 1123 2362 ltalia
1136 2309 1174 2365 tt.

714 2381 823 2432 Aeneas
843 2384 932 2433 vietus
950 2396 967 2431 a
984 2379 1087 2432 Rutilia
1099 2380 1184 2429 intes

749 2449 882 2501 mortales
900 2465 962 2500 esse
981 2449 1065 2498 desiit
1082 2449 1142 2498 313.

714 2517 878 2583 Aenigmata
897 2522 1033 2567 attentum
1050 2515 1174 2565 animum

749 2586 892 2650 requirunt
911 2588 967 2636 132.

715 2653 882 2718 Aenigmata
906 2653 940 2703 de
958 2651 1174 2717 imperatoribus

715 2789 926 2854 Aenigmutibns
949 2787 1014 2837 olim
1037 2791 1175 2838 certatum

751 2859 823 2908 inter
842 2870 921 2922 reges
939 2856 981 2906 86.

717 2925 931 2977 6666611403.

717 2993 881 3056 Aeoleuses,
899 2992 1007 3042 Alisaei
1024 2992 1065 3041 at.

717 3062 806 3126 Aequi
828 3061 864 3112 tt.
888 3060 1033 3110 Minatium
1059 3060 1177 3112 vineunt

751 3132 809 3181 346.
827 3130 910 3180 iidem
924 3130 974 3180 sub
988 3129 1081 3192 iugum
1095 3127 1176 3177 missi

750 3199 811 3250 ibid.

716 3265 840 3329 Aequum
862 3270 890 3314 61
912 3265 1043 3316 Sabinum
1069 3263 1176 3314 bellum

715 3401 861 3451 Aerarium
891 3417 945 3450 non
975 3401 1004 3449 in
1033 3403 1179 3464 potestate

751 3468 894 3518 dictatoris
913 3470 972 3518 338.

714 3535 804 3586 Aesar
822 3552 870 3601 pro
889 3535 1010 3586 Caesare
1028 3540 1088 3589 613.
