2548 3850
179 259 202 322 4
521 260 806 312 ANNOTATIONES

142 380 144 387 ’
181 400 215 456 de
236 399 370 456 industria
393 402 484 456 omisit
506 399 617 472 allerre,
640 399 694 456 duo
716 401 820 473 pariter
841 399 946 456 subiret
967 402 1147 474 incommoda,
1247 398 1271 478 Ἰ

182 492 213 540 ut
235 492 263 540 et
276 486 398 556 'nimium
420 484 534 556 diceret,
556 501 608 540 nec
629 491 720 539 tamen
741 492 841 554 totum,
866 492 895 540 ut
917 485 1081 554 Quintiliani
1090 504 1150 543 ver-

181 567 221 624 bis
245 577 316 625 utar.
362 568 509 624 Fatendum
533 576 622 624 tamen
645 585 789 624 occurrere
804 569 939 625 interdum
961 571 989 625 in
1004 571 1036 626 iis
1051 571 1148 644 multa,

182 669 252 726 quac
274 655 369 710 critica
390 653 530 728 indigeant
558 669 651 708 manu:
680 669 741 709 cum
764 655 792 708 in
819 655 877 728 ipsa
901 653 1026 710 videlicet
1055 670 1148 712 narra·

181 739 256 812 tione
278 746 325 794 aut
346 740 375 794 in
396 753 575 812 personarum
603 737 645 793 vel
672 736 797 792 locorum
825 739 1038 794 nomenclatoris
1067 748 1150 814 atque

181 822 248 878 adeo
271 825 299 878 in
321 822 400 880 iactis
422 824 487 896 ipsis
510 837 525 876 a
546 823 603 876 suis
625 820 768 878 discedunt
790 822 969 894 authenticis,
993 822 1026 879 de
1049 825 1150 896 quibus

180 906 312 963 lectorem
333 909 449 962 interest
471 905 625 961 admonere.
668 905 804 962 Nonnulla
826 915 891 962 sunt
905 915 1055 980 praeterea,
1079 925 1150 982 quae

181 991 249 1047 locis
272 993 386 1048 exoticis
408 997 525 1064 possunt
540 989 676 1062 adornari,
699 1006 761 1045 cum
779 990 872 1046 lumen
895 990 946 1047 sibi
965 993 1076 1048 invicem
1092 992 1151 1065 ple·

182 1091 297 1146 rumque
320 1074 493 1130 commodent
515 1075 679 1147 scriptores:
704 1074 778 1147 quod
794 1075 902 1148 quidem
924 1075 952 1130 in
974 1076 1057 1148 notis,
1080 1092 1149 1148 quas

181 1159 226 1214 hic
247 1159 276 1213 in
298 1175 425 1232 praesens
449 1156 566 1228 edimus,
594 1175 645 1232 pro
667 1159 737 1214 virili
760 1159 961 1231 praestitimus,
988 1160 1071 1216 iniis
1094 1176 1150 1215 ma·

181 1244 252 1297 xime
275 1259 344 1316 quae
361 1244 519 1316 Byzantinae
534 1243 665 1298 historiae
680 1242 855 1298 illustrandae
876 1244 1042 1315 conducunt,
1065 1260 1150 1317 quan-

183 1325 331 1400 doquidem
353 1327 436 1383 hosce
459 1327 577 1382 Annales
600 1327 778 1400 publicamus,
802 1329 916 1383 caeteris
939 1343 1030 1383 rerum
1045 1327 1149 1402 Byzan-

182 1413 300 1466 tinarum
321 1411 502 1486 scriptoribus
524 1413 597 1485 typis
619 1412 701 1486 regiis
724 1411 856 1468 hactenus
879 1411 1033 1484 expressis,
1056 1413 1151 1468 adiun-

182 1495 296 1570 gendos.
342 1495 406 1552 Nam
429 1504 461 1551 ut
483 1496 677 1570 Theophanem
701 1513 732 1551 ac
754 1496 826 1552 illius
849 1495 1077 1566 Continuatores,
1108 1497 1152 1553 vel

182 1581 240 1654 qui,
262 1587 294 1636 ut
315 1580 447 1652 Zonaras,
465 1580 580 1636 Annales
603 1598 619 1636 a
641 1580 733 1636 mundi
757 1581 869 1636 conditu
891 1580 923 1636 ad
945 1597 995 1636 sua
1016 1587 1151 1654 tempora,

182 1665 233 1720 alia
249 1664 320 1720 forte
337 1666 477 1736 methodo,
500 1665 696 1738 perduxerunt,
720 1665 866 1739 Georgium
882 1664 1043 1734 Gedrenum,
1066 1666 1153 1722 Geor-

182 1750 257 1822 gium
286 1749 486 1818 Hamortolum,
516 1749 677 1822 Symeonem
699 1747 896 1823 Logothetam,
930 1749 1056 1806 loannem
1085 1749 1152 1824 Sey-

181 1833 282 1902 litzen,
304 1831 512 1889 Constantinum
534 1832 697 1902 blanassom,
721 1833 875 1890 Michaelem
898 1833 1022 1907 Glycam,
1049 1833 1153 1891 loelem

182 1925 210 1972 et
232 1915 298 1972 ahos
321 1917 476 1972 istiusmodi
498 1933 559 1972 cum
582 1918 642 1990 ipso
664 1917 767 1973 Zonara
790 1934 990 1991 compararem,
1019 1917 1153 1975 absonum

181 2017 297 2076 prorsus
321 2001 406 2056 visum
429 2008 513 2072 esset,
536 2017 598 2057 oum
619 2003 684 2057 satis
707 2010 735 2058 et
758 2001 863 2058 abunde
878 2005 925 2074 sit,
949 2004 1063 2076 siquae
1086 2012 1155 2059 sunt

183 2093 259 2141 extra
282 2101 361 2142 usum
383 2101 554 2141 communem
576 2085 618 2141 rel
641 2103 656 2141 a
678 2089 774 2142 ceteris
797 2088 908 2157 intacta,
931 2089 958 2142 in
979 2095 1058 2144 notas
1080 2088 1154 2144 rele-

182 2177 293 2237 rantur,
324 2167 477 2242 exquibus
505 2171 635 2244 scriptori
661 2171 707 2226 lux
736 2179 885 2244 utcumque
914 2170 1052 2244 affulgeat.
1097 2172 1155 2229 lam

183 2271 247 2310 vero
270 2255 381 2310 cumin
404 2256 555 2311 universam
577 2255 750 2328 Byzantinam
773 2257 914 2312 historiam
936 2265 1097 2330 perpetuos,
1120 2265 1155 2313 ut

182 2341 218 2394 ita
242 2338 338 2410 dicam,
361 2355 411 2394 seu
434 2340 481 2412 qui
503 2340 619 2414 singulis
641 2339 714 2396 illius
730 2340 908 2413 scriptoribus
931 2342 1019 2413 aptari
1032 2343 1154 2415 possint,

184 2425 393 2482 commentarios
415 2426 529 2481 antehac
551 2423 692 2496 ediderim,
715 2423 821 2480 duobus
843 2424 987 2498 publicatis
1010 2426 1156 2482 volumini·

183 2507 243 2578 bus,
269 2525 386 2582 quorum
400 2508 523 2566 ‚alterum
547 2507 670 2566 Familias
694 2511 831 2583 Augustas
854 2516 882 2564 et
904 2509 1076 2581 Dalmaticae,
1100 2527 1157 2566 una

184 2609 244 2648 cum
268 2591 343 2648 Urbis
359 2592 675 2667 Constantinopolitanae
697 2593 895 2666 descriptione,
919 2594 1034 2650 alterum
1049 2593 1082 2649 ad
1097 2611 1156 2650 rne-

184 2676 243 2731 diae
266 2685 294 2731 et
315 2675 423 2733 infimae
446 2677 606 2734 Graecitatis
629 2677 794 2734 Glossarium
817 2677 1022 2752 complectatur,
1046 2679 1073 2734 in
1096 2694 1156 2752 quo

184 2776 240 2815 non
263 2760 344 2816 modo
367 2761 497 2818 vocabula
519 2760 715 2833 mixcbarbara,
737 2763 785 2818 sed
808 2765 887 2838 etiam
910 2762 1054 2834 dignitates
1076 2762 1157 2818 Pala·

184 2845 268 2914 tinae,
285 2844 424 2918 militares,
440 2846 638 2902 ecclesiasticae
650 2856 678 2902 et
693 2849 857 2904 monasticae
873 2846 1051 2920 explicantur,
1069 2864 1157 2902 unum

184 2937 338 3001 supererat,
362 2937 392 2985 ut
415 2929 474 2986 sola
496 2929 628 2986 duntaxat
650 2931 721 2988 lacta
741 2931 873 2988 illustrari
894 2947 976 3005 posse
996 2931 1156 2988 arbitrarer.

186 3011 264 3080 Quod
287 3012 396 3086 quidem
418 2987 491 3070 ita⁶a
514 3031 556 3070 mc
578 3017 739 3089 praestitum
761 3025 804 3072 est
832 3025 862 3072 ut
884 3017 907 3072 si
929 3015 993 3090 quid
1020 3017 1049 3071 in
1071 3033 1160 3088 supra

186 3099 340 3153 memoratis
363 3097 595 3155 lucubrationibus
618 3099 771 3171 excidisset,
795 3099 911 3156 subinde
933 3108 1090 3167 annotarem
1114 3100 1159 3156 id-

186 3197 239 3254 que
262 3198 343 3256 saepe
365 3183 599 3257 exscriptoribus
622 3183 742 3254 ineditis,
764 3201 798 3241 ne
820 3185 863 3241 vel
885 3201 918 3241 ex
933 3186 1035 3240 incuria
1058 3192 1161 3240 nostra

184 3265 228 3321 rel
251 3281 284 3321 ex
306 3268 452 3322 memoriae
474 3267 552 3340 lapsu
575 3267 747 3342 dispendium
770 3269 857 3326 lector
879 3270 1006 3343 patiatur.
1051 3267 1103 3325 Sed
1129 3277 1163 3324 ct

185 3351 272 3406 varias
295 3349 431 3406 interdurn
453 3350 585 3408 lectiones
607 3368 641 3408 ex
663 3354 782 3410 Zonaras
811 3371 892 3410 manu
914 3353 1058 3426 descriptis
1081 3353 1162 3410 codi-

186 3435 273 3506 cibus,
296 3451 367 3508 quos
389 3433 480 3490 videre
499 3437 625 3510 contigit,
650 3436 763 3494 subinde
778 3439 931 3510 inserimus,
954 3439 1163 3512 praetermissis

186 3521 291 3575 interea
313 3519 488 3593 synonymis,
513 3527 640 3593 anquam
663 3521 764 3577 nullius
786 3523 954 3596 compendii,
978 3521 1052 3596 quod
1074 3529 1102 3577 et
1127 3538 1163 3578 se
