2548 3850
199 230 238 294 18
540 226 821 280 nnuornrronus

197 371 287 446 patrio
309 370 421 439 vestitu,
445 366 585 424 barbarico
608 383 658 423 seu
680 374 811 424 extraneo
833 368 875 425 uti
896 367 1030 427 emebant.
1067 370 1165 428 Scribit

196 455 367 530 Nicephorus
389 452 524 527 Gregores
547 451 566 512 1.
590 451 609 507 2
638 451 765 508 loannem
788 451 925 509 Vstotzem
954 453 1019 528 lmp.
1044 471 1104 512 cum
1126 457 1164 512 vi·

197 540 275 596 deret
296 537 430 594 Romanas
452 537 558 600 diritius
579 537 608 592 in
630 537 787 610 peregrinos
816 544 844 592 et
865 545 1041 611 sumptuosos
1063 547 1163 612 restes,

197 623 313 695 Sericos,
336 623 471 696 Assyrias,
493 619 661 694 Babylonios,
685 628 767 694 etque
782 620 896 694 italicos,
918 624 993 679 vario
1015 639 1047 680 sc
1067 623 1162 681 solerti

196 706 312 764 artificio
334 706 471 764 coniectas
494 704 611 777 edundi,
639 703 729 760 edicto
758 707 878 762 sanxisse
899 723 935 762 ne
957 708 1018 780 quis
1040 707 1163 764 subdito·

195 809 257 848 rum
279 793 312 848 iis
334 799 469 860 uteretur,
493 791 541 845 sed
556 791 587 845 iis
604 790 726 846 conteuti
742 797 843 860 essent,
868 807 935 865 quos
950 790 1084 848 llomouae
1099 809 1163 868 pro·

196 878 297 932 vinciae
320 875 490 950 praeberent.
530 873 601 929 ldem
623 873 642 930 l.
662 874 699 930 11
724 881 790 930 extr.
815 891 876 930 eum
900 877 980 932 etium
1003 893 1107 934 morem
1122 879 1161 934 iu·

195 961 313 1017 valuisse
336 960 418 1016 tradit
440 957 491 1014 sub
513 957 669 1014 Andronico
691 957 855 1032 Polseologo
877 961 995 1034 iuniore,
1017 969 1048 1017 ut
1070 977 1163 1018 omnes

196 1045 288 1114 simul,
310 1052 338 1101 et
360 1043 546 1100 adolescentes
569 1050 701 1113 sisenes,
724 1042 803 1116 pileis
819 1051 973 1117 uterentur,
996 1062 1051 1102 uon
1074 1047 1162 1102 ruimus

195 1131 222 1185 in
245 1129 347 1184 Palatio
371 1143 450 1202 quom
473 1129 500 1182 in
524 1128 606 1200 egris,
630 1127 718 1200 iisque
741 1127 773 1182 od
789 1127 893 1185 libitum
909 1129 1121 1186 multiformibus
1136 1138 1164 1186 et

195 1214 364 1288 peregrinis3
380 1229 441 1270 cum
451 1211 551 1267 Latinis
567 1211 622 1282 olii,
638 1211 681 1267 olii
695 1210 785 1285 llysiis
801 1223 828 1268 ct
841 1212 1002 1287 Triballicis,
1018 1214 1062 1270 olii
1077 1214 1163 1288 Syriis

196 1305 224 1354 et
246 1297 398 1354 Phoeniciis
421 1303 573 1365 uterentur,
596 1305 679 1370 etque
701 1295 728 1351 id
743 1295 861 1370 denique
882 1299 910 1353 iu
926 1298 1046 1354 vestibus
1069 1298 1163 1356 obser·

195 1397 286 1452 vasso,
314 1381 383 1437 odeo
411 1389 442 1437 ut
468 1381 660 1454 prudentiores
687 1381 835 1437 novitatem
862 1382 977 1456 aliquem
1005 1391 1033 1439 et
1055 1384 1163 1458 imperii

195 1466 423 1538 destructionem,
449 1465 548 1522 sedet
575 1466 765 1521 institutorum
797 1464 877 1522 linem
904 1484 938 1525 ac
964 1483 1071 1524 morum
1099 1468 1163 1524 inde

194 1551 263 1608 mole
286 1553 479 1607 eminerentnr.

258 1633 331 1707 445,
356 1636 405 1692 17.
435 1622 626 1710 ἀναγνῶναι]
650 1632 709 1689 Huc
724 1632 820 1690 referri
843 1641 935 1707 potest
958 1637 1004 1709 qui
1027 1636 1098 1710 opud
1113 1653 1163 1694 no·

194 1728 267 1776 stros
289 1719 378 1776 odbuc
400 1718 505 1776 obtinet
527 1735 597 1789 mos,
621 1735 676 1790 quo
691 1716 795 1791 Regum
817 1719 914 1791 edicto,
936 1721 1093 1793 priusquam
1109 1723 1163 1777 vim

194 1804 325 1872 habeant,
353 1802 386 1858 sd
409 1802 538 1858 Senatum
561 1801 800 1858 Porlementorium
828 1804 900 1858 mitti
926 1804 1017 1860 solent
1042 1813 1073 1860 nt
1098 1822 1162 1880 pro·

193 1887 308 1952 beuter,
337 1901 368 1942 oc
391 1886 487 1943 deinde
509 1889 536 1942 in
559 1896 617 1943 octa
638 1885 807 1943 releroutur:
836 1887 909 1961 quod
932 1890 954 1944 si
978 1889 1113 1964 quidpiam
1135 1891 1163 1946 iu

194 1971 226 2026 iis
250 1978 389 2027 occurrent
416 1973 460 2026 cui
483 1972 646 2027 sententium
668 1987 744 2026 suom
767 1988 822 2028 non
845 1973 1047 2046 accommodet,
1072 1974 1106 2030 de
1128 1991 1163 2031 eo
1272 1995 1273 2008 ³

192 2055 320 2128 Princeps
345 2055 507 2112 admonetur
528 2073 559 2112 ec
580 2063 706 2130 rogetur.
1267 2104 1272 2128 „

256 2139 330 2211 447,
353 2139 382 2197 9.
406 2129 538 2213 ’ἴλαρχον
560 2157 590 2194 τε
613 2134 725 2216 φυλῆς]
748 2129 939 2214 Praefectum
958 2145 1052 2200 tribus
1079 2145 1163 2200 vertit
1272 2207 1273 2226 ¹

192 2222 326 2280 Wolfius:
350 2224 480 2282 Seuirum
501 2229 603 2282 turmis
625 2229 750 2298 equilum
772 2233 876 2282 vertere
899 2227 1025 2283 debuisse
1047 2238 1162 2284 couten-

192 2308 231 2364 dit
260 2308 381 2364 Valesius
414 2309 446 2364 od
477 2309 606 2384 Excerpts
635 2310 726 2365 ilionis
752 2326 784 2365 ex
812 2309 964 2384 Capitolino
997 2314 1025 2367 in
1054 2311 1160 2368 licroo:
1272 2327 1273 2330 ¹

194 2391 345 2451 Consulem
360 2393 464 2450 Serum
480 2395 552 2451 Pius
565 2395 701 2450 Murcum
717 2395 887 2468 desipuerit,
907 2403 936 2453 ct
951 2395 1087 2453 Caesaris
1107 2414 1161 2468 up-

189 2481 349 2550 pellctione
369 2480 501 2548 deuouit,
529 2486 556 2535 et
572 2479 703 2536 Sem’rnm
724 2483 826 2536 turmis
847 2483 973 2554 equitum
996 2480 1076 2537 Rom.
1101 2484 1162 2537 ium

193 2559 342 2618 Consulem
367 2564 546 2637 desiccatum
573 2567 694 2620 creauit.
739 2561 802 2634 Ubi,
831 2566 936 2638 inquit,
962 2564 1038 2622 Sevir
1059 2581 1161 2622 nomeu

191 2645 275 2703 cilicii
297 2646 405 2704 videtur
426 2647 522 2720 luisse,
550 2649 593 2704 cui
619 2657 647 2703 et
669 2646 796 2704 ludorum
820 2648 977 2706 Sevirolinm
1000 2666 1064 2706 cure
1086 2667 1163 2706 ccm-

190 2730 311 2804 petebat‚
335 2738 406 2788 teste
429 2731 525 2788 eodem
547 2731 708 2805 Capitolino.

564 2896 613 2946 AD
632 2895 716 2947 VOL.
734 2896 785 2947 III.

255 2983 304 3056 et,
330 2984 358 3041 2.
389 2987 527 3059 κρατῆρα
549 2973 601 3040 uui
624 2975 740 3053 dccccv
762 2979 880 3062 φέρειν]
911 2985 977 3043 Cum
1000 2986 1158 3061 Dionysium

189 3085 239 3125 seu
261 3069 391 3126 Bocchum
418 3087 449 3126 se
471 3071 582 3128 diceret.
619 3067 781 3140 Eustothius
800 3070 831 3128 ll.
857 3071 872 3127 1
904 3065 947 3126 ἔτι
971 3064 1002 3127 δὲ
1024 3065 1076 3126 καὶ
1099 3065 1161 3142 τήν

190 3142 361 3231 (ἀπόνοιαν)
391 3158 445 3211 τοῦ
467 3143 685 3225 αὐτοκράτορος
710 3154 807 3212 Γαΐου
833 3151 887 3211 τοῦ
914 3149 966 3212 καὶ
989 3147 1160 3231 Καλλιγόλοι

189 3233 264 3310 φασὶ
287 3235 582 3316 προσαγορευθέντος
604 3232 655 3298 dccl
683 3233 715 3298 τὸ
738 3233 770 3296 ἐν
793 3234 981 3319 στρατοπέδῳ
1005 3243 1158 3315 γεννηθῆ-

189 3340 254 3379 ναι·
282 3312 370 3391 οὗτος
392 3319 446 3396 μὲν
468 3315 524 3400 γὰρ
546 3317 777 3401 ὑπερφρονήσας
807 3316 846 3391 d,·
868 3315 946 3393 εἰκὸς
974 3319 1021 3382 ἐπὶ
1045 3318 1158 3396 κάλλει,

187 3402 255 3477 νέος
276 3427 307 3465 τε
331 3401 490 3476 Διονύσιος
512 3404 659 3482 ἐκαλεῖτο,
682 3404 733 3466 uel
758 3403 965 3486 Διονυσιακὴν
987 3413 1086 3468 πᾶσαν
1109 3401 1158 3465 ἐν·

189 3485 291 3551 (iduum
311 3481 419 3566 στολὴν
441 3488 582 3562 ἐδίκαζον.
