2550 3854
194 249 256 314 150
530 250 810 303 ssuomsaosss

192 393 289 462 innuit,
315 407 347 447 eo
371 408 424 464 quo
448 391 567 464 superati
589 397 654 446 suut
668 391 762 448 hostes
779 391 856 448 loco:
880 385 958 446 ἔνθα
979 393 1070 470 θοίνη
1084 389 1156 490 βοη-

191 472 262 554 θείᾳ
283 462 315 530 τδ
338 473 397 530 τῶν
420 468 539 548 ἐχθρῶν
562 467 784 577 καταισχύνθηΙ
790 467 914 547 θράσος,
938 470 1000 531 ἕκει
1018 471 1051 530 ot
1069 469 1154 546 φιλό

190 534 301 632 χριδτοι
323 552 411 651 ἡμῶν
439 557 568 658 βασιλεῖς
592 554 678 614 Λέων
706 554 757 614 καὶ
781 558 1007 629 Κωνσταντῐνος
1033 551 1153 615 ἀνεκαί-

146 664 150 670 “
190 659 286 699 νισαν
305 637 393 722 πόθοι
420 639 477 716 τὴν
503 637 592 700 πόλιν
621 633 793 737 Νίκαιμν
777 641 997 742 ανεγείραντες,
1028 633 1077 699 διδ
1100 641 1153 717 τῆς

189 727 242 785 τοῦ
271 724 358 832 6pyop
374 700 556 798 ἐπιδείξεως
589 718 746 801 νικητικὸν
778 718 998 801 ἀναστήσαντες
1030 730 1152 804 σημεῖον

189 810 393 886 κεντηναρίων
416 810 534 888 χιλίων,
563 806 613 868 καὶ
636 807 754 886 μόχθον
776 805 937 886 ἐγνώρισεν
957 803 1153 888 Ἀρτανασδος

189 891 376 970 Πανευφοίτα
400 891 642 969 Κουροκαλατης.
688 899 742 956 Nisi
772 899 839 956 haee
865 917 1004 956 annuorum
1026 900 1154 955 Nicaeen-

190 986 258 1040 sium
281 983 420 1040 subversio
449 983 543 1038 reterri
566 981 662 1039 dehent
688 985 720 1040 ad
742 1000 840 1038 annum
866 985 906 1041 10
928 982 1029 1040 Leonis
1058 984 1152 1055 isauri,

189 1070 266 1124 euius
294 1069 415 1124 meminit
443 1067 638 1139 Theophanes,
672 1068 792 1132 scribens
821 1067 929 1124 hiaviam
957 1067 1152 1124 Saracenorum

188 1152 284 1208 ducem
308 1152 429 1208 Nicaeam
454 1151 600 1222 obsedisse,
623 1169 654 1207 ae
675 1140 746 1224 μετα
769 1149 943 1225 πολιορκίαν
965 1140 1077 1226 πολλὴν
1101 1145 1152 1206 καὶ

188 1232 366 1308 καθαίρεσιν
387 1238 456 1298 saiex
467 1232 586 1308 τειχῶν,
617 1236 777 1294 Sanctorum
800 1237 925 1306 Patrem,
950 1237 996 1311 qui
1020 1236 1055 1292 ihi
1078 1237 1151 1292 enie-

96 1372 98 1378 .
188 1321 296 1393 bantur,
318 1319 568 1387 intercessionibus,
593 1321 659 1377 nabe
681 1330 770 1378 tamen
794 1323 901 1376 minime
924 1320 1151 1394 potitumiuisse.

251 1364 307 1469 44
331 1405 381 1463 32.
416 1394 589 1479 Ιμέριον
561 1423 613 1460 τον
637 1402 814 1481 λομοθέτην]
852 1405 971 1461 Meminit
1000 1407 1079 1461 istius
1102 1421 1150 1460 ex·
1166 1469 1171 1474 ,

187 1489 333 1563 peditionis
357 1489 466 1546 Himeaii
481 1491 600 1564 scriptor
622 1507 736 1546 coaevus
761 1491 829 1545 vitae
852 1489 879 1547 S.
897 1490 1070 1546 theoctistae
1086 1488 1154 1544 Les·

187 1573 259 1630 hiae:
289 1566 460 1648 ἐκεμιτόμηυ
490 1568 520 1630 δὲ
548 1567 813 1676 συστρατευόμενος
837 1565 950 1650 εἸμεριιμ
978 1573 1022 1652 τῷ
1057 1563 1152 1645 πάνυ,

187 1655 229 1734 τῷ
251 1649 511 1734 στρατηγικωτοὲτῳ
536 1654 590 1731 δηί
592 1653 668 1732 666,
692 1653 740 1714 καὶ
765 1650 884 1732 ἄρχοντι
907 1657 960 1715 to6
983 1675 1013 1714 τε
1037 1650 1151 1733 δρόμου

187 1735 238 1797 καὶ
261 1745 316 1800 τοῦ
337 1737 443 1800 στόλον
465 1736 586 1811 παντός.

250 1827 303 1899 45,
327 1829 377 1887 25.
407 1814 514 1905 κηρὸν]
539 1829 595 1885 via.
620 1829 708 1885 Gioss.
733 1828 803 1885 meti.
827 1829 971 1888 Graecit.
963 1845 990 1883 an
1013 1818 1151 1898 (μα’τλιον.

251 1911 301 1983 46,
323 1913 372 1970 32.
398 1909 450 1984 ’τῆς
466 1905 497 1968 δὲ
510 1906 625 1989 ἑορτῆς]
650 1912 741 1986 Lupus
758 1913 951 1986 Protospatha:
975 1913 1057 1969 Ακκο
1073 1912 1145 1969 913.

185 1996 250 2053 Iud.
271 1996 287 2051 1
312 2005 469 2054 coronatus
485 2003 527 2053 est
543 1999 726 2055 Constantius
728 1992 959 2073 (Constantinus)
977 1997 1050 2068 Imp
1071 1999 1152 2068 fitius

181 2083 331 2150 praedicti
352 2082 474 2179 Leopis,
497 2086 548 2154 ςκι·
566 2083 699 2156 νοςκουὶι
719 2100 767 2138 ου.
784 2081 834 2137 47.

249 2164 302 2237 47,
319 2165 368 2222 25.
399 2154 485 2238 ἡτου
474 2158 623 2221 Ἰουλίου
638 2160 879 2242 τρισκαιδεκάτῃ]
904 2165 1061 2240 Legendam
1076 2151 1149 2220 loe·

185 2243 266 2320 νίου,
296 2251 433 2323 quomodo
456 2249 555 2307 habent
578 2250 631 2308 Leo
655 2251 864 2320 Grammaticus,
891 2255 1046 2323 inonymus
1069 2248 1149 2304 Cum·

185 2332 382 2390 befisiauusn.
406 2336 444 2393 31
469 2335 599 2392 Seviitzes
621 2344 648 2392 et
672 2335 776 2408 Giycas.

248 2418 305 2491 48,
330 2420 358 2478 9.
393 2414 424 2475 ἕν
445 2421 509 2486 ταῖς
532 2415 695 2496 Νοσσιαί]
719 2419 830 2490 Subdit,
854 2418 926 2492 quod
950 2417 981 2473 ab
1004 2417 1062 2474 aliis
1085 2416 1149 2472 sile-

185 2509 245 2574 tur,
275 2503 393 2577 Symeon
416 2504 599 2603 Logotheta
592 2522 619 2598 ip
641 2504 741 2560 Chaon.
765 2521 815 2560 ms.
836 2496 922 2604 ἄξιον
945 2496 976 2558 δὲ
1001 2493 1098 2603 ὀλίγα
1108 2495 1147 2556 εί-

184 2603 253 2641 ιτειν
274 2584 350 2667 ποίῳ
373 2580 471 2668 τρόκω
494 2579 513 2660 6
536 2578 614 2662 μονὴ
629 2593 692 2646 τοῖν
707 2583 849 2644 Νοσσιων
873 2584 1036 2643 κέκασται
1059 2573 1148 2652 οὗτος

183 2659 200 2726 δ
224 2647 449 2740 Κωνσταντῑνος
472 2663 530 2773 6666
553 2668 663 2774 παρέρα
685 2665 936 2766 γέρονταείιλαβη
958 2666 1010 2726 καὶ
1034 2661 1147 2744 φοβού-

183 2771 275 2827 μενον
302 2745 353 2812 τὸν
379 2746 519 2830 estest*
501 2775 535 2825 ος
557 2753 607 2812 καὶ
638 2753 671 2814 ἕν
693 2749 774 2848 αὐτῷ
802 2764 848 2838 τῷ
868 2748 951 2836 τόκῳ
981 2753 1040 2812 των
1064 2755 1145 2812 Νυσ-

184 2835 257 2933 ‹661›
278 2837 416 2911 προαστίτ
419 2841 483 2943 ζην
501 2835 638 2916 ἐκέκτητο
665 2829 738 2912 πρὸς
763 2839 802 2934 τη
823 2813 967 2943 θαλάρδη
995 2833 1076 2896 ποίου
1098 2857 1147 2911 μι-

184 2911 273 2999 κρὸν,
299 2914 382 2980 ἐν
354 2943 377 3004 ῳ
403 2945 454 2980 και
446 2916 549 2994 ὕδωρ
565 2921 614 2985 ἐπὶ
631 2913 792 3000 δεξαμενην
808 2921 839 2984 6
842 2921 942 3004 βαλών
959 2943 1020 2993 τοις
1035 2911 1148 2990 δδίταις

183 3002 276 3064 ἐποίει
299 2983 494 3103 παραψυχήν.
526 3006 557 3066 tv
572 3003 665 3086 τούτῳ
680 3031 720 3090 τῳ
711 3005 825 3070 ὕδατι
840 3005 949 3084 συνέβη
964 3001 1148 3084 στρατιώτην

184 3088 370 3189 διέρχεσθαι,
401 3091 451 3150 καὶ
476 3068 676 3168 ἇναψύξαντα
701 3070 888 3194 6n6etet'v“
868 3112 1005 3165 αιτερκ
972 3088 1005 3149 ἐκ
1027 3089 1147 3149 δικαίου

182 3167 279 3253 πόρου
301 3169 379 3254 εἶχεν
400 3176 598 3276 νομισμάτων,
623 3175 673 3236 καὶ
695 3173 880 3277 ἀριθμῆσαι
904 3169 923 3237 6
945 3172 994 3235 uei
1011 3167 1146 3253 ἦσανείς

184 3281 220 3318 vv
231 3273 265 3337 η)
280 3259 332 3320 καὶ
347 3265 425 3336 τρεῖς
439 3255 662 3361 ἀριθμούμενα·
656 3255 771 3323 ·εἷτα’
756 3256 895 3338 αυαστᾶς,
910 3253 961 3321 οἷα
976 3259 1089 3362 σρμβαί
1089 3279 1145 3332 νει,

182 3342 235 3404 καὶ
248 3352 309 3443 τῷ
323 3345 405 3445 ίιτικῳ
429 3340 601 3447 6tte66g,''
575 3368 665 3454 ῳχετο
684 3339 742 3451 τὴν
763 3340 886 3408 ὁδὸν
850 3347 954 3448 66106,
976 3339 1009 3404 τδ
1024 3341 1147 3423 χρυσίον

182 3420 258 3488 κατα
279 3451 332 3489 τιν
353 3424 447 3490 τόκον
467 3432 563 3506 αφείς.
593 3428 632 3502 ὡς
659 3419 716 3492 οὖν
738 3430 810 3505 ἔθος
832 3423 943 3532 εἶχεν
931 3451 947 3489 ο
970 3428 1079 3509 γέρων.
1102 3424 1146 3500 ἐξ·

179 3516 279 3590 ἦλθεν
301 3511 376 3590 πρὸς
395 3506 449 3588 τὴν
471 3505 649 3593 δεξαμενὴν,
676 3539 726 3578 και
747 3513 847 3596 εὑρὼν
867 3510 899 3578 τὸ
920 3517 1056 3596 χρυσίον,
1080 3510 1146 3572 tm-

1081 233 1084 240 ,
1155 11 1266 209 1
