2550 3854
495 224 543 290 lu
562 241 644 294 νοτ
664 241 715 296 111
833 269 834 272 τ
1028 240 1088 303 113

122 540 295 623 λισσόμενος,
326 535 428 622 ἐφ’
401 567 423 628 φ
449 547 651 644 συγχωρῆσαι
665 546 771 605 τοῦτον
798 538 859 622 δηια
809 455 1087 646 χόναικλ
1037 567 1089 604 και
1149 595 1152 602 .

121 635 183 704 τοῖς
210 629 324 702 τέκνοις
351 604 512 702 ἰδιωτικοῖς
538 631 603 708 ζῆν,
638 621 654 689 6
682 627 714 697 δέ
741 626 820 707 ὁμοῦ
847 631 888 714 τῷ
917 631 970 707 τῆς
997 621 1090 708 ἀρχῆς

123 712 280 794 έττιβηναι,
308 704 403 786 εόθδς
433 709 600 820 ὥσπερς
559 715 600 788 εἰς
623 706 722 792 λήθην
744 712 865 775 πάντων
868 691 1007 792 ἐλθών,
1037 712 1089 774 καὶ

122 798 252 879 μηδενὸς
273 799 435 878 φροντίσας
458 797 500 860 ὡν
522 795 583 862 δττδ
607 797 733 879 μα’ρτορι
757 799 799 884 τῷ
824 801 892 882 Θεῷ
906 797 1089 879 ἐπωμόσατο,

123 887 227 965 πρῶτα
241 881 297 961 μὲν
311 880 476 983 δτιερορίαν
494 904 546 944 του
534 881 691 984 Μιχαὴλ
715 883 764 946 καὶ
778 859 837 959 τῆς
860 861 990 965 συζύγου
1005 883 1091 944 τοῦδε

122 970 310 1072 κατακρίνει
339 991 412 1047 μετα
434 962 530 1067 βραχέι
558 968 590 1031 δὲ
616 991 649 1030 το
663 991 723 1029 των
745 970 884 1068 μοναχῶν
916 976 1033 1070 σχῆμα
1039 964 1090 1028 καὶ

124 1048 253 1127 δι’κοντας
268 1046 377 1127 αότοος
392 1047 554 1132 μετενδόει.
589 1045 625 1115 οὗ
641 1051 724 1154 μέχρι
740 1051 772 1115 δὲ
786 1049 899 1115 τούτων
915 1053 992 1160 ἔστη,
1017 1045 1092 1114 ἄλλό

81 1164 84 1170 ·
123 1161 156 1245 χε
178 1133 435 1221 δλίγαιςόστερον
456 1135 584 1246 ἡμέραις
597 1135 743 1236 ἀλλήλων
765 1137 901 1216 διέζευξε,
925 1161 975 1199 και
967 1137 1091 1216 μένειν

121 1221 201 1302 ὁμοῦ
223 1223 298 1286 κατδι
321 1223 421 1304 χώραν
439 1216 550 1297 αὐτοὺς
573 1214 628 1284 οὖκ
651 1224 766 1301 εἴασεν,
789 1219 865 1285 ἀλλὰ
887 1223 942 1284 τδν
964 1221 1019 1302 μὲν
1040 1217 1091 1283 ἆλ-

126 1305 245 1387 λαχόθι,
268 1307 324 1387 την
347 1307 378 1370 δὲ
401 1305 527 1390 ἑτέρωθι
548 1306 649 1389 φέρων
670 1302 813 1394 διττόκισε.

191 1415 266 1486 379,
292 1415 319 1472 9.
349 1407 401 1470 καὶ
429 1407 557 1488 μοναχδς
584 1408 730 1492 γεγονως]
760 1415 997 1472 Theosteriotus
990 1433 1018 1472 ru
1038 1416 1092 1472 rita

125 1495 154 1556 S
177 1499 286 1557 Nicetae
308 1499 433 1558 oonress.
456 1517 485 1556 n.
502 1499 541 1558 31
565 1493 729 1596 διαδέχεται
752 1492 783 1555 δὲ
805 1493 914 1571 ταύτης
937 1490 1090 1600 (Εἰρήνης)
1176 1519 1179 1525 ·

124 1578 180 1658 τὴν
201 1581 356 1659 βασιλείαν
377 1572 598 1678 Νικηφόρος’
577 1603 638 1658 αμα
660 1577 712 1640 καὶ
734 1578 789 1680 τὴν
810 1575 1026 1666 ὁρθοδοξίαν“
1011 1573 1092 1639 οεδ-

124 1662 294 1764 σεβέστατος
310 1662 358 1724 καὶ
379 1660 564 1743 φιλόκτωχος
579 1663 630 1724 καλ
642 1659 855 1766 φιλαμόναχος·
880 1659 948 1724 εἶτα
955 1660 1091 1744 Μιχαὴλ,

124 1741 142 1810 ό
166 1751 224 1809 νῦν
246 1747 289 1810 ἔτι
313 1746 346 1811 έν
366 1749 519 1832 μοναχικῶ
541 1748 713 1829 διαπρέπων
735 1740 888 1827 ἀξιώματι.

190 1856 263 1931 379,
290 1855 338 1913 16
366 1849 418 1910 καὶ
440 1848 542 1932 Λέων]
573 1855 624 1924 Qui
645 1857 728 1931 vulgo
751 1857 894 1912 Armenius
917 1857 1092 1930 cognomina-

128 1950 185 2012 tur,
208 1949 235 1996 et
258 1957 338 2015 quern
354 1933 577 2016 Συραρμὲνιον
583 1949 661 1998 vocat
683 1941 767 2016 Pappi
783 1940 939 2037 synodicou
954 1957 1013 2015 cap.
1032 1939 1092 1998 148
1112 1939 1144 1989 ⁷6

125 2015 351 2097 τελευτήσαντος
377 2022 465 2128 χοῦν
480 2017 511 2080 έν
540 2020 657 2104 πολέμω
687 2017 873 2120 Βουλχόρων
901 2019 1092 2099 Νικηφόρον,

125 2104 182 2206 τὴν
202 2102 393 2184 βασιλείαν“
377 2128 393 2167 o
418 2103 486 2178 νιδς
508 2099 602 2166 αὐτοῦ
626 2101 815 2186 Σταυρόκιος
838 2103 1000 2182 διεδέξατο,
1030 2107 1094 2168 Μι·

125 2181 239 2267 χαηλ’
225 2191 341 2251 εκείνον
363 2188 400 2252 εἰι
403 2184 543 2294 ἀδελφη
564 2189 696 2290 γαμβρὸς
712 2187 911 2295 ἐκληρώσατο
935 2213 988 2250 και
980 2187 1094 2250 Λέων

126 2296 142 2334 ο
166 2273 369 2356 Συραρμένιος
391 2272 560 2348 έτταναστδς
583 2271 777 2382 ἐκρότησε
746 2299 781 2335 τα
793 2276 949 2372 βασίλεια,
968 2269 1094 2334 Ἰουδαϊ-

126 2361 183 2436 κῆς
204 2381 235 2420 τε
257 2359 309 2420 καὶ
334 2360 528 2474 Μανιχαϊκης
550 2355 755 2441 θρησκείας
736 2350 889 2440 οκόρχων.

191 2465 266 2539 381,
290 2465 339 2522 12.
372 2483 447 2521 κατα
469 2463 529 2522 τῶν
551 2461 720 2540 σεβασμίων
742 2455 881 2542 εἰκόνων]
905 2465 989 2521 Utro
1004 2481 1093 2522 saoras

126 2552 259 2627 Imagines
281 2551 406 2608 saevierit
428 2549 494 2624 Leo,
517 2551 640 2626 pluribus
655 2551 832 2626 prosequitur
847 2550 1051 2606 Theosteriotos
1066 2553 1094 2606 iu

126 2637 181 2692 vita
204 2635 233 2692 S.
255 2634 365 2692 Nicetae
387 2634 508 2692 Conless.
533 2652 559 2692 rr,
584 2635 623 2693 31
647 2643 675 2692 et
697 2653 776 2708 seqq.

192 2735 264 2807 381,
283 2735 334 2794 20.
358 2728 472 2813 ἕτερον]
487 2737 512 2794 λε
528 2735 653 2794 Salutius
664 2737 818 2822 vocabatur.
849 2735 957 2792 Contio.
970 2736 1094 2810 'lheoplu

129 2822 156 2884 1,
184 2820 232 2877 14.
276 2820 394 2895 Symeon
416 2820 534 2896 Logotlr.
558 2839 585 2877 n.
610 2822 628 2880 3
652 2830 680 2878 et
701 2821 754 2879 alii.

191 2921 269 2994 382,
293 2923 343 2981 30.
381 2908 489 2998 ἤθελε]
526 2924 664 2982 Accersito
694 2923 720 2982 S.
751 2923 917 2996 Nicephoro‚
945 2923 1000 2979 Leo
1027 2922 1093 2997 lmp.

126 3005 265 3080 colloquio
288 3023 350 3064 cunr
373 3023 405 3064 eo
429 3004 536 3081 habito,
566 3008 639 3064 huno
661 3009 688 3063 in
711 3025 773 3064 suas
795 3013 889 3081 partes
918 3007 1026 3064 allicere
1050 3025 1095 3066 co·

127 3099 210 3148 uatus
232 3099 288 3148 est:
310 3091 378 3148 illud
400 3089 523 3166 pluribus
546 3091 691 3166 descripsit
705 3092 826 3166 lgoatius
842 3089 975 3149 Diaoouus
998 3094 1025 3148 iu
1040 3094 1094 3148 rita

127 3175 248 3232 eiusdem
270 3176 416 3250 Nicephori
438 3192 498 3250 oap.
522 3176 550 3233 6.
576 3177 604 3233 7.
628 3176 657 3233 8.
682 3177 710 3234 9.

191 3259 265 3333 383,
288 3261 315 3318 9.
348 3254 520 3337 Θεοφάνης]
549 3260 728 3318 continuator
749 3262 873 3337 Theoph.
896 3263 916 3320 l.
941 3261 968 3317 1.
991 3279 1019 3317 n.
1043 3259 1093 3318 16.

192 3344 266 3416 383,
283 3344 331 3404 19.
365 3337 564 3420 ἐκβληθέντος
579 3338 611 3402 δὲ
627 3341 692 3424 eto]
721 3345 747 3407 S.
763 3346 909 3422 Nicephori
923 3345 1094 3403 Patriarchae

127 3429 257 3504 reliquiae
284 3439 379 3504 postea
407 3431 671 3505 Constantinopolim
699 3430 815 3504 relatae,
844 3447 956 3506 quarum
986 3428 1094 3504 quidem

126 3506 313 3588 ἀνακομιδῆς
336 3513 454 3590 Synarin
477 3515 615 3578 celebrant
637 3515 731 3573 Graeci
756 3516 794 3574 13
818 3517 912 3578 Martii.

163 3627 287 3665 zoruoue
307 3626 344 3662 τι.
926 3616 941 3664 8
