2554 3842
494 241 544 292 AD
563 241 646 295 VOL.
663 243 714 295 111.
929 243 1079 298 CCXXXV

181 373 250 446 161,
277 373 316 437 12
338 375 392 451 τῆς
407 374 535 451 λ’στορίας
554 367 727 460 συγγραφὴ]
751 376 864 455 ἱστορία
911 451 917 455 -
952 385 990 443 13
1005 373 1078 441 ἆνα-

113 458 275 542 νεωμένου]
293 455 540 539 ἀνανεωσαμένου
627 466 666 524 14
681 452 702 539 ἢ
717 452 821 544 nvidi}
902 469 940 547 10
958 460 1078 548 Οόαρα-

113 541 251 624 ραίνης-
255 550 300 645 17
316 537 413 628 ἄλλοι]
431 567 485 644 ατο.
573 550 614 608 22
629 543 808 631 ἐξέπεμψεν]
826 547 961 626 ἐπεμψεν
1037 555 1078 614 32

113 627 653 798 περι66ἳλω1]πέόέισ]λέίαοξ]οπρεσβείαν
740 722 779 781 26
801 715 872 790 τοός
887 711 931 800 δ’]
958 723 1019 780 τῶν
1036 709 1075 781 δ’.

178 797 248 872 163,
267 798 283 861 1
300 791 478 884 ἆνόσαντος]
494 793 690 877 διανύσαντες
725 798 884 885 ἐνιαυτῶν]
898 825 952 866 orn.
1001 804 1076 886 triv]

113 877 167 946 τόν
181 887 314 947 Pinderus
331 904 362 945 er
377 890 447 950 λλον.
492 891 532 950 18
548 880 640 969 ὅσων]
656 881 730 950 ὅσον
773 892 816 954 20
829 881 905 950 ὅθεν
918 885 984 972 καλ]
1002 879 1078 950 ὅθεν

113 974 153 1033 23
168 974 230 1044 ταῖς
244 969 411 1074 σκηνικοῑς]
429 971 481 1048 τῆς
495 973 643 1051 σκηνικῆς
730 977 769 1037 25
786 965 940 1075 σκόμματα
976 970 1078 1054 σκώμ-

112 1053 521 1220 6611661161λῖόῖ
537 1079 590 1219 iii
606 1060 1078 1226 ‘iiixviiiff‘ssiffi'iyssiiiot

113 1227 166 1286 τοῦ
195 1219 290 1304 δήμου
378 1229 416 1290 18
443 1226 600 1309 Κοττίαις]
627 1226 740 1299 νοτίαις
825 1230 866 1290 22
891 1229 1076 1310 Μαξιμῖνος]

111 1302 290 1390 μαξιμτανδς
376 1315 417 1376 30
437 1293 490 1393 ἦν]
512 1304 553 1374 αδ
643 1304 847 1394 προεσχηκδς]
869 1306 1079 1394 προσεσχηκώς

111 1400 150 1458 31
167 1399 266 1456 ποιεῖν
280 1387 354 1456 ἄνευ
384 1402 504 1458 invertit.

178 1477 249 1552 165,
274 1476 314 1542 15
335 1480 382 1562 το]
399 1502 453 1544 om.
527 1483 567 1546 23
583 1475 765 1564 μεμαθήκει]
783 1477 964 1560 ἐμεμαθήκει
1037 1486 1076 1545 27

112 1561 291 1646 ἐκδοθῆναι]
307 1559 456 1628 ἐνδοῦναι.

178 1648 247 1723 166,
273 1647 311 1712 12
333 1642 387 1712 τόν
399 1643 588 1733 Ἐρκοόλιον]
606 1672 658 1716 nm.
739 1654 777 1712 21
795 1646 891 1729 φαίναι
904 1648 1073 1731 συνέδριον]

112 1740 232 1796 invertit.

177 1817 246 1891 167.
269 1819 290 1884 5
311 1840 344 1900 γε
364 1820 420 1904 τῷ]
444 1817 478 1901 γέ
497 1841 538 1903 τῳ
559 1824 692 1882 Pinderns
712 1827 805 1884 neseio
826 1842 859 1883 an
879 1827 949 1883 erit
1038 1825 1076 1884 15

112 1901 163 1964 καλ
180 1902 310 1987 ἑτέρους]
329 1902 444 1987 ἐτέρους
501 1907 745 1987 Κυνσταντῖνον]
762 1901 936 1969 κατ’νσταντα
986 1907 1027 1970 20
1042 1907 1077 1990 τῇ

112 1988 187 2071 τῶν]
203 1991 264 2052 τῶν
278 1991 315 2076 τῇ
401 1987 441 2054 28
457 1984 656 2073 γυμνοὶζητατ]
671 1986 861 2071 γυμνάζοιτο.

177 2072 246 2146 168,
271 2073 289 2138 Ιί
311 2065 424 2159 ἆθλον]
440 2073 554 2140 ἄεθλον
634 2081 674 2141 10
687 2067 817 2160 αἰπέδρα]
833 2099 887 2138 orn.
976 2080 1014 2141 18
1031 2069 1074 2136 ἵν’

8 2207 11 2248 ³.
111 2149 226 2242 όμόνη]
242 2158 294 2219 ἵνα
308 2162 403 2245 μείνῃ.

45 2305 54 2318 ,
177 2241 248 2316 169,
275 2244 290 2306 1
314 2243 474 2327 ἱστόρησαν
489 2235 542 2305 τόν
555 2245 743 2328 Μαξιμῖνον]
760 2240 811 2306 τόν
826 2245 985 2348 μαξιμῖνον
1000 2238 1076 2307 λστό·

113 2345 207 2405 ρησαν
292 2335 311 2392 2
332 2323 425 2392 αὐτόν
445 2328 609 2408 ἐκμανέντα
628 2334 784 2407 μετελθεῖν
803 2353 857 2408 την
877 2330 966 2390 θείαν
988 2327 1076 2405 δίκην

111 2409 372 2497 παραδεδώκασιν]
394 2418 550 2494 μετελθεῖν
569 2407 664 2476 αὐτόν
683 2406 740 2494 τὴν
754 2415 845 2476 θείαν
864 2407 1074 2490 παραδεδώκα-

111 2514 160 2560 σιν
176 2498 264 2578 δίκην
350 2499 503 2579 Πατρῶν
519 2497 564 2581 δέ]
585 2499 695 2579 ίατρῶν
783 2504 821 2562 17
839 2491 932 2560 αότόν
950 2505 1006 2560 τοῦ
1020 2494 1075 2558 ποί·

112 2583 203 2666 θοας]
219 2585 273 2645 τοῦ
288 2577 409 2658 πάθους
423 2578 517 2646 αότδν
590 2587 629 2646 22
645 2582 678 2646 ἐκ
693 2583 762 2666 τοῦ]
780 2579 831 2645 διδ
903 2585 944 2646 nt
959 2575 1076 2665 τρόποιν

111 2668 191 2751 θνα]
206 2663 329 2744 τρόπον.

177 2753 250 2824 170,
274 2752 294 2818 6
317 2749 453 2836 Ζοίβέαν]
477 2748 593 2832 ζοίμδαν
687 2759 724 2817 13
748 2750 904 2836 Δάμασος]
926 2748 1076 2832 δάμασσας

114 2841 152 2902 15
164 2829 371 2924 Ἰννακέντιας]
387 2861 442 2902 nno
459 2861 476 2898 ν
491 2845 535 2902 hic
549 2852 577 2902 et
592 2861 653 2902 mor
741 2845 780 2902 19
796 2834 905 2924 ταύτην]
921 2834 1028 2901 τοόταυ

112 2927 154 2988 20
168 2917 307 2986 ἐνιαυτόν
322 2923 494 3010 διαρκέσας]
509 2930 621 2987 invertit
706 2928 746 2988 25
763 2920 959 3004 λειτούργημα
975 2919 1076 2984 διανό·

111 3007 179 3092 σας]
194 3015 308 3073 invertit
393 3015 435 3076 30
460 3006 616 3083 ἐνιαυτοὺς
639 3006 688 3070 ἐπλ
714 3010 750 3093 τῇ
774 3004 840 3090 ἆρχ.
868 3001 1074 3090 διαγαγόντας]

112 3089 160 3154 ἐπὶ
184 3096 221 3178 τῇ
240 3083 304 3175 ἆρχ.
321 3092 515 3177 διαγαγόντας
536 3091 691 3168 ἐνιαυτοδς
777 3098 817 3158 33
839 3092 998 3176 διεδέξατο]
1015 3090 1075 3154 έδέ·

111 3181 179 3253 ξατο
266 3183 307 3244 34
321 3178 449 3260 προέστη
463 3188 580 3242 πιστῶν
594 3179 761 3260 τετραετίαν
775 3179 828 3255 τῆς
842 3179 930 3257 τιμῆς
942 3173 1075 3240 ελπολαό-

111 3263 180 3348 σας]
197 3265 313 3326 πιστοῑν
327 3262 454 3342 προέστη
475 3263 642 3344 τετραετίαν
729 3267 769 3326 36
790 3257 959 3344 ἐνιαυτοδς]
976 3259 1075 3322 ἐνιαυ-

79 3361 83 3366 “
111 3353 173 3423 τοῖς
259 3353 301 3412 44
315 3347 447 3433 χρόνοις]
463 3345 596 3431 χρόνους.

178 3432 255 3512 171,
281 3434 317 3496 11
348 3428 491 3508 Θεόδοτος
511 3426 567 3512 τὴν
587 3433 785 3516 λειτουργίαν]
809 3427 865 3510 τὴν
890 3427 1076 3508 λειτουργίαν

111 3513 253 3592 θεόδοτος
329 3519 440 3602 ἤνυσε]
456 3514 565 3599 ἤνυσεν
579 3511 627 3581 ἐπ’
644 3512 722 3602 αὐτῇ
807 3522 847 3580 27
870 3509 998 3594 χρόνους
1013 3508 1076 3571 ἕπῑ·
