2550 3854
238 233 300 298 140
337 287 338 292 ,
579 233 860 287 annornrrosns

238 376 332 432 animis
355 376 496 432 horrorem
518 375 668 432 incutiant?
689 374 800 431 lnclitus
821 374 965 443 Patricius,
989 373 1088 448 quise
1112 375 1140 430 in
1165 393 1220 430 er-

236 475 296 516 cem
319 460 452 534 quandam
474 468 624 534 receperat,
647 458 779 533 postridie
803 475 931 516 unacum
951 461 1124 532 septuaginta
1140 460 1212 515 viris

238 545 313 600 vivus
337 548 556 619 capitur,·atque
580 551 675 601 octavo
699 543 732 600 ab
753 543 821 600 urbe
844 553 998 618 expugnate
1019 543 1073 615 die,
1095 543 1210 616 capitali

237 629 371 703 supplicio
396 630 533 703 plectitur.
565 627 642 696 Quod
666 627 775 701 quidem
798 628 865 684 adeo
889 627 995 686 excelso
1012 627 1132 700 fortique
1147 630 1209 684 ani·

237 730 281 769 mo
305 714 428 787 pertulit,
452 723 482 770 ut
504 713 570 770 nibil
592 713 705 784 humile,
728 713 795 770 nihil
818 729 868 768 sua
886 715 1039 770 constantia
1060 711 1208 786 indignum

237 797 390 869 admiserit,
420 815 455 855 ne
483 798 542 854 leve
565 797 674 872 quidem
697 797 848 854 timiditatis
871 798 983 854 alicuius
1011 804 1207 869 argumentum

237 885 442 953 monstraverit,
465 900 516 940 uec
538 884 651 953 mirum,
674 882 782 955 quaudo
805 889 883 938 antea
905 882 981 940 nullo
1004 889 1083 956 pacto
1106 879 1206 936 adduci

237 968 328 1042 potuit
356 977 386 1024 ut
408 967 482 1024 urbis
505 967 687 1041 proditionem
709 967 805 1022 salutis
834 969 959 1041 propriae
987 982 1067 1022 cause
1088 965 1206 1035 iaceret,-

238 1053 398 1126 praesertim
421 1069 482 1108 cum
504 1051 655 1126 permultos
678 1051 788 1108 haberet
815 1051 897 1108 huius
925 1050 1031 1108 consilii
1059 1065 1115 1106 non
1137 1065 1204 1122 pro-

237 1137 346 1192 batores
370 1145 489 1209 tantum,
514 1153 607 1193 verum
631 1137 654 1191 si
677 1135 808 1192 voluisset
830 1138 909 1192 etiam
932 1134 1116 1192 administros.
1155 1134 1206 1189 llle

236 1237 301 1276 vero
324 1221 419 1278 meluit
441 1237 501 1278 cum
525 1221 668 1277 honestate
690 1229 805 1278 mortem
821 1229 962 1294 oppetere,
985 1229 1133 1274 uteorum
1156 1219 1204 1291 qui

236 1307 381 1378 cumipse
404 1316 481 1362 erant
504 1305 584 1361 saluti
606 1307 791 1380 prospiceret,
819 1313 901 1378 atque
924 1321 1007 1362 unrtm
1035 1319 1085 1378 pro
1108 1302 1201 1358 multis

237 1475 290 1530 hoc
312 1474 506 1532 homicidarum
530 1475 632 1530 animos
655 1474 688 1530 ad
703 1475 964 1532 commiserationem
979 1473 1136 1546 neutiquam
1153 1469 1202 1528 ile-

236 1553 286 1632 sit)
310 1575 391 1632 quam
413 1559 513 1633 aliquid
537 1558 678 1616 nobilitate
701 1575 749 1615 sua
770 1557 912 1632 indignum
934 1565 1024 1615 mente
1045 1555 1210 1629 complecti..

234 1641 318 1698 Cuius
341 1645 420 1698 animi
443 1645 612 1717 magnitudo,
635 1652 716 1716 atque
731 1643 763 1698 ad
779 1643 949 1703 subeundum
966 1634 1132 1716 supplicium
1147 1641 1204 1698 aia-

237 1729 318 1784 critas
340 1728 391 1800 ipsi
415 1744 525 1801 quoque
547 1729 632 1784 Busae
655 1729 760 1783 Amirae
782 1727 914 1802 tlhagebis
937 1725 1007 1797 lilio,
1037 1727 1083 1798 qui
1105 1728 1204 1782 mortis

236 1819 333 1868 auctor
355 1810 417 1882 luit,
440 1828 554 1886 magnae
577 1812 745 1868 admirationi
767 1811 854 1868 luere.
890 1812 989 1869 Verum
1011 1813 1069 1884 ipse
1085 1809 1116 1864 ad
1133 1809 1211 1876 benc·

236 1894 377 1968 beateque
391 1894 560 1960 moriendum
583 1897 646 1952 hinc
674 1895 724 1952 sibi
747 1895 810 1952 talia
832 1897 964 1971 praesidia
987 1904 1203 1970 comparaverat,

234 1987 382 2052 propterea
405 1979 479 2052 quod
502 1995 581 2036 omne
603 1979 667 2036 belli
690 1989 796 2054 tempus
818 1983 846 2037 in
861 1982 957 2038 mortis
971 1978 1205 2052 contemplatione

235 2072 424 2137 transegerat,
452 2064 562 2137 eisque,
592 2066 639 2138 qui
661 2081 753 2122 secum
776 2065 880 2122 obsessi
903 2073 994 2136 erent,
1023 2065 1108 2134 viam,
1131 2079 1204 2137 quae

235 2147 310 2204 ducit
338 2147 370 2203 ad
397 2147 627 2204 immortalitatem
653 2151 768 2224 ¹optimis
797 2149 1031 2206 cohortationibus
1062 2163 1203 2204 common·

237 2240 378 2288 straverat.
422 2231 497 2289 Unde
519 2250 569 2307 per
593 2234 658 2290 baec
679 2235 788 2309 pletatis
811 2233 900 2292 cilicie
915 2248 1052 2290 excessum
1068 2233 1137 2288 vitae
1153 2235 1204 2288 mi·

236 2318 308 2372 nime
319 2311 320 2314 ’
331 2316 426 2373 babuit
448 2316 656 2374 formidandum.
692 2317 795 2386 Quibus
811 2320 881 2376 euim
897 2319 1003 2375 assidua
1026 2316 1204 2372 meditatione

235 2410 346 2458 cautum
368 2411 420 2473 est,
443 2419 478 2458 ne
500 2404 660 2476 imparatum
681 2411 777 2476 pectus
800 2402 916 2460 babeant
938 2402 1061 2459 adhaec
1080 2410 1202 2456 extrema

236 2485 390 2557 subeunda,
415 2489 490 2542 hisce
512 2504 567 2543 non
589 2486 735 2544 iniucunda
756 2489 808 2544 erit
830 2487 863 2544 ad
886 2487 1008 2558 coelum,
1030 2501 1091 2543 cum
1114 2488 1207 2542 conti·

236 2571 318 2643 gerit,
342 2572 554 2645 transmigratio.
599 2571 739 2628 Caeterum
762 2569 869 2628 barbari
891 2574 919 2629 in
941 2571 1002 2628 illos
1025 2571 1106 2628 etiam
1128 2586 1206 2644 quos

233 2671 294 2710 cum
318 2654 432 2712 Patricio
455 2664 584 2730 ceperant
608 2651 695 2729 (erant
717 2665 807 2713 autem
830 2673 924 2714 omnes
947 2656 974 2712 hi
997 2655 1135 2730 Syracusis
1151 2655 1207 2710 bo-

233 2739 390 2796 nestissimo
419 2739 480 2797 loco
510 2735 596 2814 nati),
625 2756 687 2796 cum
716 2739 876 2814 quibusdam
903 2741 961 2797 allis
989 2741 1101 2814 captivis
1125 2747 1204 2795 nstra

233 2821 327 2878 urbem
345 2823 454 2898 ductos,
477 2833 505 2882 et
526 2827 554 2885 in
578 2824 671 2880 orbem
694 2824 844 2900 dispositos
867 2842 921 2882 uno
943 2827 1047 2900 impetu
1070 2824 1204 2880 invadunt

233 2909 384 2982 agrestium
406 2926 503 2966 canum
525 2911 553 2965 in
576 2926 696 2979 morem,
719 2920 746 2966 et
769 2911 819 2966 hos
841 2911 948 2983 quidem
970 2908 1120 2984 lapidibus,
1148 2909 1201 2964 bos

233 3007 298 3046 vero
313 2992 427 3065 baculis,
450 2994 517 3052 ulios
532 2994 628 3066 hastis,
651 3010 717 3067 quas
734 3011 798 3068 prae
813 2992 935 3052 manibus
952 2993 1095 3064 habebant,
1117 3009 1198 3066 quos·

233 3075 294 3131 dam
317 3078 396 3134 etiam
419 3077 626 3152 quibuscunque
649 3095 717 3152 quae
739 3096 769 3136 se
785 3079 900 3136 lortuito
916 3078 1081 3136 obtulissent
1095 3079 1197 3134 instru-

232 3162 331 3218 mentis
353 3162 538 3220 crudelissime
560 3164 735 3236 insectautes,
758 3166 840 3220 morti
861 3164 969 3235 dabant,
992 3172 1019 3220 et
1039 3162 1128 3218 adhuc
1142 3162 1198 3218 ani·

232 3245 283 3300 mis
312 3246 504 3306 immanissime
530 3249 697 3319 saevientes,
731 3249 829 3306 horum
863 3266 977 3324 corpora
1008 3247 1199 3306 combustione

231 3327 416 3386 absumebant.
468 3330 523 3388 lieo
550 3349 615 3389 vero
643 3333 753 3390 silentio
781 3333 934 3407 praeteribo
969 3333 1057 3407 qualia
1085 3330 1197 3388 barbara

232 3412 402 3470 crudelitatis
426 3415 546 3490 exempla
569 3418 596 3472 in
618 3416 737 3494 Nicetem
759 3420 937 3476 exercuerint.
982 3417 1047 3474 Erat
1069 3418 1113 3476 hic
1133 3415 1199 3472 Tar-

231 3497 320 3552 sensis
343 3513 455 3572 genere,
478 3508 559 3575 atque
574 3502 601 3558 iu
617 3519 646 3558 re
663 3501 769 3562 militari
792 3504 913 3578 apprime
929 3501 1062 3575 eruditus,
1085 3509 1113 3561 et
1128 3509 1200 3560 stre-
