2550 3854
473 256 523 306 nn
542 255 625 308 vor..
644 256 694 306 111.
1029 256 1069 320 ll

168 391 241 467 261,
265 391 314 450 16.
347 382 429 468 παρὰ
452 382 607 470 Πρόκλον]
636 395 726 452 Procli
748 396 839 451 Asiani
861 395 1021 471 Philosophi
1042 406 1070 455 et

7 519 9 550 .
97 462 320 553 Ὀνειροκρίτον
343 479 463 535 meminit
484 477 639 536 6113661666
665 479 811 537 Alexandr.
841 487 869 536 et
890 481 1069 556 Theophanes

103 562 1012 626 6626.166316311361163163136611361161166666636663.

7 669 8 676 ι
167 647 238 716 261,
262 647 313 710 29.
342 642 385 716 εἰς
406 633 439 702 rb
461 637 627 742 τρισύχιον]
660 647 727 706 Vide
749 649 837 710 61633
859 648 1068 712 6666366611

167 731 239 803 262,
262 731 313 794 20.
343 719 596 809 Ἀλαμούνδαρος]
622 735 809 808 Agarenorum
825 733 986 808 Scytharum
1000 733 1072 809 Phy-

7 819 8 848 ff
104 813 223 874 larohus.
267 815 297 872 ld
329 817 409 874 611661
440 826 551 874 narrant
577 817 671 876 Victor
698 819 871 874 1666666313
900 827 928 874 61
956 818 1069 876 [166366.

103 917 146 956 66.
168 902 219 962 22,
242 900 415 958 illamuntlari
436 919 500 958 vero
523 905 711 977 Agerenorum
733 902 810 960 66613
832 919 888 960 666
910 903 995 960 semel
1015 919 1071 960 mc·

105 985 183 1042 minit
204 986 354 1060 Procopius
376 987 404 1041 in
425 985 502 1044 libris
525 987 654 1044 debello
679 986 817 1060 Gotthico‚
840 995 869 1044 et
890 1005 922 1044 ex
945 1003 978 1043 eo
1001 985 1070 1044 Eua·

109 1086 195 1144 grrus.

168 1153 241 1224 262,
265 1152 313 1214 23.
346 1144 533 1232 ὁΣενῇρος]
557 1154 707 1230 Episcopus
729 1157 932 1228 Antiocheam,
960 1155 994 1212 66
1017 1173 1071 1230 quo

105 1237 199 1294 Victor
222 1239 403 1310 Tununensis,
426 1237 560 1314 Euagrius
584 1239 614 1311 3,
638 1240 688 1298 33.
722 1239 892 1298 Marcellinus
914 1240 947 1296 ad
969 1239 1073 1297 Consu·

104 1321 191 1380 latum
213 1322 375 1380 Clementini
397 1332 425 1380 61
445 1323 537 1398 Probi,
560 1333 589 1381 et
611 1324 770 1399 Theophan.
794 1342 838 1384 arr.
856 1325 906 1384 19.
930 1326 1073 1382 3166316311.

169 1407 247 1478 263,
272 1405 321 1468 27
353 1404 405 1480 τῆς
430 1399 527 1483 Τύχης
548 1406 603 1481 τῆς
622 1401 749 1486 πόλεως]
778 1407 852 1478 Quae
875 1409 984 1482 quidem
1006 1408 1073 1467 Vor-

106 1501 188 1548 tunae
211 1490 289 1548 Urbis
313 1500 402 1548 statua
424 1492 540 1550 stabat
532 1510 561 1550 m
575 1492 696 1565 Basilica,
720 1493 793 1567 quod
809 1494 957 1566 scriptores
973 1494 1074 1588 Byzap-

105 1577 157 1633 tini
180 1577 283 1652 passim
305 1577 430 1650 tradunt,
459 1585 542 1652 atque
570 1580 597 1634 in
625 1578 660 1632 113
682 1578 817 1673 Georgius
844 1577 1053 1634 Hamartolus
1045 1594 1073 1634 ru

105 1621 1072 1737 61666.633.611661611666166316163τᾶτῶνείδύλωνᾶνοί

7 1753 9 1756 ’
106 1763 169 1842 χιην
192 1730 273 1818 ἱερὰ,
303 1737 487 1814 colbertino
509 1739 647 1803 ἐπιτελῶν
674 1765 710 1850 τη
732 1733 1074 1814 Κωνσταντινουπύλεως

7 1891 9 1896 ,
106 1820 191 1932 Τύχη
215 1824 342 1910 δημοσίᾳ
369 1822 410 1886 ἒν
424 1849 461 1911 τη
485 1831 649 1913 Βασιλικη,
680 1827 758 1888 ἔνθα
786 1828 839 1904 τῆς
860 1818 953 1906 αὐτῆς
976 1822 1075 1905 Τύχης

104 1909 227 2015 ύχαλχια
249 1914 313 1969 666
313 1886 425 1990 166636.
468 1915 547 1974 Η666
568 1935 652 1992 porro
675 1917 793 1974 Zonarae
816 1917 907 1974 locum
929 1916 1075 1974 illustravi-

7 2039 9 2076 3
104 2017 166 2057 mus
188 2003 219 2058 in
241 2007 336 2056 nostra
358 1998 596 2076 Constantinopoli
623 2001 669 2059 lib.
694 2002 724 2059 2
750 2008 820 2060 3661.
843 2002 872 2062 9.
901 2019 927 2058 n.
953 2001 981 2058 1.
1007 2000 1074 2056 dini·

7 2109 8 2116 3
104 2101 225 2161 musque
253 2085 290 2140 116
312 2084 460 2143 Fortunam
493 2086 568 2144 urbis
596 2085 724 2162 effingi'
717 2103 745 2142 m
772 2086 957 2144 Constantii
949 2086 1075 2156 nunionis,

7 2179 9 2250 ᾖ
104 2167 219 2242 1611661,
248 2167 349 2224 loviani
371 2178 399 2226 et
421 2171 541 2228 Gratiani
563 2171 678 2228 anobis
706 2171 846 2226 delineatis
868 2171 1001 2240 nummis,
1028 2170 1076 2226 ha·

103 2255 165 2316 bitu
186 2253 295 2311 scilicet
317 2253 451 2324 muliebri,
474 2264 554 2329 caput
576 2264 681 2312 rectum
696 2255 826 2318 modiolo,
848 2253 882 2310 66
898 2271 952 2328 qua
967 2253 1075 2328 quidem

7 2357 13 2380 ι
106 2339 252 2414 Calyptrae
273 2339 363 2410 specie
386 2340 494 2412 agimus
516 2341 545 2394 in
567 2339 655 2396 Gloss.
679 2338 749 2394 med.
766 2338 882 2394 Graecit.
899 2337 985 2393 altero
1006 2336 1077 2409 pede

107 2427 169 2482 navi
192 2431 257 2480 6616
278 2438 308 2478 36
331 2424 436 2496 positae
458 2425 616 2496 insistente,
640 2439 694 2497 quo
716 2424 840 2480 innuitur
861 2421 1010 2478 Fortunam
1032 2436 1077 2475 ur·

7 2499 11 2564 ss'
107 2507 151 2564 bis
174 2523 267 2565 rerum
290 2505 483 2580 gubernationi
504 2524 565 2567 6336
579 2507 746 2582 praesidem:
769 2515 801 2563 ut
822 2506 870 2562 1313
886 2503 1030 2562 exhibetur
1050 2505 1079 2560 in

7 2579 9 2632 3
107 2609 221 2650 nummo
245 2591 402 2661 Domitiani,
431 2608 445 2646 a
468 2609 526 2649 vtro
549 2593 696 2668 singularis
725 2590 887 2648 eruditionis
912 2589 1003 2646 Ulrico
1026 2587 1079 2645 Ob·

7 2687 12 2740 ²,
106 2679 207 2734 rachto
230 2676 425 2751 lingentiuensi
439 2676 597 2734 doctissimo
613 2677 806 2734 commentario
828 2690 916 2749 nuper
930 2673 1078 2733 illustrato

7 2789 8 2794 ι
106 2761 165 2817 Sed
189 2769 217 2817 et
239 2759 275 2816 ihi
302 2760 416 2817 diximus
439 2778 495 2838 peg
512 2750 613 2836 Τύχην
636 2763 689 2818 hoo
714 2761 777 2818 loco
800 2775 855 2817 nou
878 2759 1005 2828 Genium,
1030 2756 1079 2813 366

7 2863 9 2884 ³
108 2846 278 2904 Fortunam
299 2844 452 2918 indigitant:
483 2847 590 2904 tametsi
613 2848 721 2904 Genius
747 2843 884 2903 interdum
911 2859 960 2916 per
986 2830 1078 2918 τύχην

7 2937 9 2946 ‘
106 2929 255 3000 efferatur,
287 2929 360 3002 quod
388 2947 421 2986 ex
443 2929 565 2987 Charisio
589 2931 694 3004 colligit
715 2929 848 2986 Henricus
871 2927 1002 2987 Valesius.
1047 2925 1080 2982 111

108 3023 185 3072 certe
208 3015 247 3070 ita
269 3015 350 3070 etiam
379 3013 494 3072 61163661
517 3014 629 3072 Glossae
656 3021 763 3072 veteres
790 3011 940 3070 Graecolat.
989 2998 1079 3088 Τύχη,
1171 3073 1174 3076 ,

7 3145 8 3148 ,
110 3099 243 3156 Genium.
281 3088 363 3170 Τύχη
379 3091 503 3155 ἑκάστου
517 3086 697 3175 6166661666,
722 3099 837 3156 Genius.
877 3087 1001 3170 Τύχεον,
1025 3097 1078 3154 Ge·

105 3187 202 3256 nium,
227 3183 409 3242 (1666611663.
447 3183 501 3240 Sed
522 3184 675 3242 6111163366
697 3181 756 3242 Lat.
773 3183 819 3244 Gr
843 3196 912 3256 quac
933 3183 974 3238 316
988 3197 1079 3237 emen·

109 3266 230 3322 666666.
254 3269 389 3340 Ceriales,
410 3253 578 3344 Ἐιτίσημος,
602 3260 757 3364 γαμήλιος
783 3267 938 3362 Τυχεῖον,
962 3265 1078 3337 Genius,

7 3371 8 3408 3
109 3342 481 3446 τύχη3666611631611111ι3
505 3354 538 3410 ad
541 3353 651 3448 0d.yss
668 3341 697 3426 β’
719 3361 747 3408 61
768 3369 782 3407 3
783 3338 925 3426 ’ύχαθόν
941 3345 1080 3422 6616666,

7 3433 9 3494 ᾗ
110 3443 140 3490 et
163 3426 275 3513 τύχην,
302 3437 345 3492 vel
366 3424 490 3513 ἆχαθην
512 3429 606 3514 τύχην
628 3437 780 3495 666166611.
824 3435 901 3492 Licet
922 3451 986 3491 vero
1009 3433 1081 3489 idem

7 3523 8 3526 ’
110 3518 260 3577 videantur
284 3521 406 3582 Fortuna
429 3533 457 3580 ct
479 3523 594 3597 Genius,
622 3539 683 3581 cum
711 3539 764 3578 una
786 3521 934 3593 eademque
963 3517 1082 3593 appella·
