2544 3852
147 161 150 167 '
173 169 236 234 184
513 170 797 225 uuuorsrronss

175 302 320 370 Θάλασσα
340 303 480 387 η’νεγκεν,
502 297 521 382 ἡ
543 304 575 366 δὲ
592 300 688 383 Ῥώμη
710 315 863 384 πανταχοῦ
889 308 941 384 τῆς
963 305 1145 383 οἰκουμένης

174 386 313 470 ἐκήρυξε,
343 395 442 470 quibus
464 397 576 452 vocibus
599 413 614 452 e
636 395 777 471 Dniassena
806 397 904 453 familia
927 397 1011 452 inisse
1034 397 1143 452 innuit:

174 481 288 556 proinde
310 479 390 536 filiam
417 479 585 554 Constantini
607 480 757 550 Datasseui,
787 483 833 555 qui
860 481 911 537 sub
939 481 1067 537 Michaele
1088 480 1143 536 Pa·

163 565 312 648 ⁸phlagone
335 567 413 637 vixit,
442 566 518 620 cuius
543 564 651 638 quidem
680 566 848 621 Constantini
870 565 1063 622 Constantinus
1087 565 1142 620 [iu-

174 668 218 706 cas
241 667 326 724 gener
349 650 447 706 dieitur
469 666 483 704 a
505 649 622 724 Scylitze
645 657 672 705 et
695 649 836 722 anenata,
857 650 928 706 uude
950 667 1012 706 cum
1033 649 1067 706 de
1081 650 1139 723 pri-

174 738 224 790 mis
247 735 320 790 hisee
342 735 444 808 nuptiis
467 733 564 790 sileant
585 733 667 789 iidem
685 737 844 808 scriptores,
866 733 1009 790 Endociam
1025 734 1141 791 alteram

175 820 261 876 Dneae
282 821 427 894 coniugem
450 816 529 874 filiam
546 818 682 874 Delasseni
704 835 843 892 perperam
864 818 1022 893 scripsimus
1045 821 1072 874 in
1087 835 1139 874 no·

174 907 239 960 stris
262 903 380 959 Famiiiis
402 903 565 976 Byzantinis.
608 901 743 960 Eudociae
766 919 830 959 vero
851 921 939 978 genus
961 911 989 958 et
1011 903 1140 958 familiam

174 1005 230 1044 non
258 987 349 1061 prodit
370 987 489 1043 Pseilus:
519 987 566 1043 sed
595 988 664 1043 hanc
685 987 973 1045 Macrembotitissam
994 987 1141 1062 cognomi·

175 1080 263 1128 natam
289 1073 430 1128 docuimus
458 1073 486 1126 in
508 1072 622 1127 Familiis
646 1073 777 1146 Augustis
799 1073 968 1146 Byzantinis,
997 1074 1024 1128 iu
1047 1071 1140 1128 Addit.

175 1173 299 1230 quaeque
321 1156 467 1230 singularis
489 1155 541 1212 tuit
563 1157 738 1229 eruditionis,
768 1157 840 1230 quod
862 1165 998 1213 testantur
1019 1173 1089 1230 quae
1111 1157 1140 1211 in

93 1272 96 1279 -
176 1239 349 1297 Bibliothecis
373 1249 544 1296 asservantur
565 1241 639 1296 illins
662 1259 759 1316 opera,
782 1242 931 1337 inquibus
954 1241 1049 1332 legere
1070 1258 1138 1296 oon·

149 1327 239 1399 ‘tigit
261 1341 293 1380 ex
315 1325 456 1380 Colbertea
479 1333 584 1380 vastum
612 1325 679 1381 iilud
702 1343 787 1400 opus,
815 1326 890 1399 quod
914 1314 1015 1381 Ιωνια
1043 1326 1141 1382 inseri·

80 1433 86 1450 ι
173 1411 244 1483 psit,
273 1417 300 1465 et
323 1407 442 1465 Romano
469 1409 583 1484 Diogeni
604 1410 762 1483 imperatori
790 1411 866 1466 alteri
892 1412 1002 1484 coniugi
1029 1411 1139 1480 dicavit,

175 1495 224 1550 hac
238 1495 391 1570 praeposita
407 1492 575 1568 Epigraphe:
603 1485 801 1561 Εκλδοκίας
765 1513 817 1566 της
834 1491 1137 1570 Μακρεμβολιτίσσης

173 1573 325 1676 βασιλίδος
356 1571 695 1646 Κωνσταντινουτιόλεας
724 1567 838 1650 Ἰώνια,
871 1573 938 1654 ἤτοι
969 1573 1138 1655 Συναγωγὴ

175 1658 274 1730 Θεῶν,
293 1651 431 1764 Ηρώιον
457 1679 488 1718 τε
516 1658 566 1719 καλ
583 1653 742 1735 Ηρωϊναῖν
767 1661 968 1768 γενεαλογῶν,
998 1659 1049 1719 καὶ
1077 1662 1137 1720 τῶν

174 1741 241 1821 περὶ
264 1733 374 1814 αὐτοὺς
396 1740 668 1844 μεταμορφώσεαν,
696 1739 805 1850 μύθαν
827 1767 857 1805 τε
878 1743 930 1806 καὶ
951 1739 1141 1852 ἆλλημοριων

172 1825 232 1887 τῶν
260 1827 326 1905 περὶ
354 1825 424 1900 τοὺς
452 1826 597 1901 παλαιοὺς
625 1821 876 1908 εὑρισκομένων,
872 1823 969 1891 -ἐν
946 1853 965 1912 η
995 1827 1137 1906 καὶπερὶ

174 1909 330 2018 διαφόρων
351 1920 466 2009 σοφοῖν,
489 1907 564 1986 πρὸς
578 1907 629 1972 τὸν
647 1913 844 1993 Φιλόχριστον
859 1939 910 1976 και
901 1913 1028 1996 εὐσεβέ
1028 1933 1139 1976 στατου

172 1993 298 2098 βασιλέα
315 1987 466 2072 τ-Ρονμανόν
487 1991 541 2056 cdv
563 1995 722 2078 Διογένην,
746 1993 895 2076 Νικητήν,
920 2000 1135 2078 Τροτιαιοῦχον.

174 2084 259 2158 Opus,
281 2087 400 2158 inquam,
424 2085 570 2142 multifaria
592 2104 683 2144 rerum
698 2091 826 2146 varietate
840 2091 983 2161 refertum,
1007 2089 1138 2162 quodque

173 2172 328 2226 immensam
351 2169 512 2247 Principis
507 2171 622 2228 feminae
638 2173 827 2245 eruditionem,
851 2185 878 2231 et
899 2175 1031 2230 assiduam
1054 2173 1137 2230 libro·

173 2270 233 2309 rum
256 2253 402 2310 lectionem
426 2263 549 2319 testatur,
573 2263 637 2324 tum,
662 2267 692 2314 ut
714 2260 827 2331 ipsemet
850 2261 896 2332 ait,
919 2275 951 2315 er
966 2259 1076 2333 propria
1098 2258 1139 2314 bi·

173 2337 323 2402 hliotheca,
357 2347 416 2394 tum
443 2340 550 2396 aliunde
583 2344 688 2416 magnis
720 2342 873 2415 sumptibus
904 2351 1135 2442 comparatorum:

114 2487 119 2492 ᾖ
173 2411 276 2497 οἷσπερ
299 2414 546 2522 ἕσπαργανώθη
536 2417 568 2480 ἐκ
583 2430 638 2498 τῆς
659 2418 931 2519 τιμαλφεστοὶτης
914 2425 999 2500 ημῶν
1020 2423 1134 2502 βιβλιο-

173 2498 275 2579 θήκης
297 2491 546 2582 ἐρανισαμὲνη,
526 2527 546 2587 η
568 2527 627 2566 τινι
649 2529 700 2567 και
692 2500 862 2566 πολλοὶ
824 2530 883 2568 των
904 2508 989 2586 βιβλί
989 2531 1029 2567 ων
1044 2523 1136 2583 ιτροσ-

174 2584 273 2693 έθηκα
295 2586 327 2648 ἐκ
350 2583 502 2666 διαφόρων
529 2610 580 2666 μοι
606 2592 712 2668 χωρῶν
738 2592 1001 2668 συναθροισθέντα
1030 2589 1136 2674 μελέτη

173 2669 225 2731 καὶ
250 2669 371 2753 δαιτανη
393 2675 495 2756 πολλη.
540 2679 608 2735 Tum
631 2680 704 2736 addit
731 2681 816 2737 hocce
844 2699 913 2776 opus
935 2681 1137 2754 adiungendum

121 2764 287 2824 nccaeteris
317 2778 385 2854 quae
408 2763 538 2818 hactenus
567 2764 735 2822 confecerat.
763 2781 815 2859 της
843 2781 909 2862 σης
928 2763 1027 2822 τοίνυν
1049 2763 1135 2840 βασι-

174 2839 253 2912 λείας
276 2835 420 2917 κρινάσης
435 2837 641 2946 ἐκὸοθήσεται,
665 2842 716 2903 καλ
731 2866 803 2922 μετα
818 2847 878 2907 τῶν
892 2839 1030 2922 ἀδελφοῖν
1045 2844 1135 2943 παρέ-

173 2941 261 2984 σεται.
293 2928 343 2986 Ubi
366 2931 398 2986 ad
414 2933 564 3005 marginem
581 2932 867 2992 haecdescribuntur.
890 2930 1037 3008 μετὰτῶν
1051 2921 1134 2990 edet·

173 3010 243 3109 (puio
274 3007 430 3085 παρίσεται
463 3007 587 3108 λέγει”
571 3034 615 3072 οτι
648 3011 699 3072 καὶ
727 3005 802 3074 αλλα
836 3015 904 3078 τινα
937 3014 1081 3076 συνέθετο
1112 3009 1134 3090 η

171 3085 307 3172 αοίδιμος
328 3096 494 3193 βασίλισσα,
515 3091 567 3158 τόν
588 3120 619 3158 τε
641 3094 860 3176 Πλόκαμον
824 3123 876 3178 της
891 3095 1051 3198 Ἀριαδνης
1072 3098 1134 3160 ἔπι·

173 3179 243 3255 κῶς,
267 3178 319 3238 καί
341 3200 393 3252 τας
407 3181 474 3240 τῶν
495 3183 648 3260 γυναικῶν
670 3183 778 3262 χρείας,
801 3183 904 3246 καλί
874 3209 888 3246 τ
891 3177 1015 3246 idei
983 3209 1035 3257 τας
1049 3186 1134 3260 βασι-

172 3259 287 3335 λίδας’
269 3270 383 3346 ασκεῑν,
405 3262 437 3324 ἐν
451 3267 531 3348 πεζοῖ
531 3262 640 3366 λόγῳ,
663 3263 807 3346 χρησιμόν
827 3292 855 3329 τι
870 3273 979 3369 χρῆμα,
1001 3293 1051 3331 και
1042 3267 1134 3341 ιιορλ

173 3347 287 3426 διαίτης
308 3326 547 3426 μοναζόντοιν,”
531 3372 603 3429 οπερ
625 3350 675 3412 καὶ
699 3355 756 3412 νῦν
778 3348 852 3416 καθ’
876 3351 955 3432 ἡμᾶς
975 3353 1060 3416 ἐν
1022 3377 1061 3438 τῳ
1081 3362 1135 3431 τῆς

172 3429 371 3514 Προκονήσου
393 3435 517 3518 σεμνείςο
531 3433 662 3508 σαζεται.
700 3441 869 3500 Caeterum
861 3461 892 3500 m
904 3444 984 3500 Ioniis
1004 3445 1134 3501 nonnulla
