2532 3844
170 206 268 258 cocu
548 204 597 254 AD
616 203 697 258 VOL
715 205 764 258 IV.

171 331 206 401 τό
228 339 378 422 πρέποντα
400 337 521 442 ἰδιωτη,
547 337 598 400 καὶ
627 347 784 446 στρατηγῷ
810 329 846 398 τύ
867 347 921 416 τῆς
943 340 1137 441 στρατηγίας,

169 429 313 505 παραινεῖ
339 422 372 486 δί
398 419 439 505 μὴ
468 419 541 504 πρὸς
573 417 686 501 ἡδονὰς
720 423 868 486 ἐκκλίνειν
899 415 970 498 τούς
996 422 1099 503 βασιλέ
1100 447 1135 524 μς

169 509 244 588 μηδὲ
265 518 331 574 τοῖν
354 507 455 609 νόμων
478 511 557 588 ἔχειν
578 507 716 590 ύπεροψί
715 533 768 591 αν,
795 503 894 572 πάντα
923 507 956 571 δέ
981 507 1058 572 κατα
1080 503 1140 584 τὴν

171 595 296 658 ἐκείνων
317 588 470 674 εἰσήγησιν
493 595 639 676 ἐνεργεῖν,
660 603 721 658 των
742 603 856 659 κοινιῖν
877 591 932 672 μὲν
956 587 994 667 ὥς
1015 617 1049 696 γε
1070 593 1136 675 βέλ-

168 697 249 744 τιστα
265 679 363 756 ἕξουσι
377 677 530 783 πρόνοιαν
540 679 747 788 ποωνμένονς,
768 690 830 744 τῶν
845 677 877 741 δέ
891 671 1042 741 οἰκείων
1025 699 1133 760 νπερο-
1176 719 1179 723 »

88 841 90 846 Ι
168 775 228 868 ρρῖν
250 790 306 872 τιχν
332 758 404 845 μετὰ
432 761 587 874 βριστοέμης
614 765 759 868 γίνεσθαι
782 767 928 828 εἰωθυῖαν
952 755 1088 847 ύπεροψί
1086 787 1135 842 αν,

168 846 304 952 εὐμενεῖς
330 873 361 912 τε
383 828 462 912 εἶναι
489 849 541 912 καὶ
567 846 715 928 ὑπηκόοις
741 843 835 930 ἡδέως
862 849 1134 952 προσφερομένους,

168 934 269 998 πόνων
297 958 327 996 τε
353 930 396 1014 μὴ
422 931 579 1016 ὀλιγωρεῖν
605 933 684 1036 μηδὲ
711 931 836 1014 ἡδοναῖς
862 931 1014 996 δουλεύειν
1021 979 1030 1013 ,
1059 927 1137 996 ἄλλό

167 1028 272 1086 πονεῖν
293 1019 345 1081 καῖ
368 1020 560 1121 διαγραπνεῖν
582 1027 645 1088 ταῖς
667 1013 801 1126 ρέρίοταις
823 1030 884 1083 ταῖν
905 1015 1040 1126 πρόξεμν
1056 1018 1136 1096 ένερ·

167 1110 273 1208 γείαις,
296 1104 347 1166 καί
370 1101 568 1184 βουλεύεσθαι
590 1105 651 1205 μέν
666 1095 790 1186 ὑπὲρ
766 1130 808 1169 ων
830 1108 923 1187 χρεία,
945 1105 1087 1207 μρόττειν
1103 1103 1135 1166 δὲ

166 1186 202 1254 τοί
223 1191 443 1274 βεβουλευμένα
467 1190 594 1290 (έστοῖτμ
616 1181 684 1272 γοίρ,
707 1191 766 1294 ἔφη
789 1216 832 1266 τις
855 1201 915 1256 των
937 1183 1117 1298 ιἰρίστων’
1090 1212 1132 1262 εις

166 1275 318 1375 βασιλέας,
348 1275 492 1384 προσήμει
513 1270 663 1379 θνήσκειν
691 1271 742 1340 τόν
770 1271 900 1359 ἡγεμόνα
928 1274 981 1338 καὶ
1001 1274 1103 1359 βασιλέ
1103 1297 1134 1352 α,

169 1357 366 1424 διδύσκων“
345 1385 385 1434 ως
407 1357 461 1447 χρὴ
484 1355 533 1424 διδ
554 1364 625 1465 βίον
646 1367 751 1424 πονεῖν
773 1362 822 1424 καί
846 1371 911 1436 ταῖς
938 1371 998 1426 τοῖν
1020 1370 1135 1424 κοιναῖν

170 1441 346 1556 διρικήσεων
369 1445 517 1546 ἐργασίαις
539 1441 590 1510 τόν
617 1449 685 1530 βίον
707 1449 973 1552 σαγκατριλὴγειν),
997 1443 1119 1512 elma&
1102 1443 1134 1508 δὲ

168 1532 219 1595 καὶ
242 1527 398 1639 χρημύτιμν
419 1521 589 1636 ὑπερόπτας
611 1530 661 1594 καί
683 1531 724 1612 μὴ
748 1528 904 1634 βαρύνειν
921 1539 985 1606 ταῖς
1006 1527 1133 1644 ρῖπαιτή-

168 1637 230 1682 σεσι
252 1610 286 1680 τό
305 1615 445 1725 βπὴκοορ
472 1616 545 1698 μηδ’
570 1611 677 1688 ωνίονς
698 1620 843 1682 τίθεσθαι
871 1611 923 1692 τοίς
932 1610 1038 1719 ἆρχδις
1053 1609 1138 1722 μηδέ

168 1700 205 1766 τὰ
226 1695 315 1806 κρινδι
336 1701 485 1804 πιστεύειν
515 1697 616 1778 εἰς’
583 1726 637 1783 ονχ
658 1697 675 1764 6
699 1699 805 1785 τρόπος
833 1695 957 1784 χρηστός
979 1699 1070 1766 καέ”
1052 1723 1135 1773 οσοις

169 1779 225 1850 ούκ
247 1782 406 1889 ύμεμπτος,
429 1783 527 1850 πάντα
549 1787 582 1850 δέ
604 1785 743 1869 πράττειν
766 1785 898 1888 δρῶντας
919 1783 1019 1850 ἰπὶ
989 1813 1021 1851 το
1043 1797 1134 1896 μοινβ

168 1872 328 1975 συμφέρον.
366 1865 443 1934 ἄλλό
465 1875 608 1977 κρατρύσι
629 1871 684 1976 μὲν
705 1876 808 1951 ταῦτα,
830 1863 999 1954 ἀρχιερεῦσι
1022 1871 1054 1936 δὲ
1070 1883 1133 1976 ττῖμ

169 1951 275 2038 δρθοδν
298 1955 366 2035 περὶ
387 1955 549 2032 πίστεως”
532 1981 611 2036 ορων
632 1952 808 2038 ἀντέχεσθαι
829 1959 881 2020 καί
902 1969 960 2021 τοτῖ
975 1955 1136 2064 χριστωνύ·
1216 1965 1220 1970 ’

167 2063 226 2122 μου
248 2048 470 2122 περιποιεῖσθαι
492 2049 583 2122 λανδ,
606 2044 685 2107 ποῖοί
703 2067 733 2106 τε
755 2042 806 2106 καὶ
829 2055 918 2130 κοινη
939 2044 989 2104 καὶ
1013 2045 1075 2128 ἰδίᾳ
1097 2037 1132 2105 τό

168 2126 303 2208 βέλτιστα
320 2125 370 2190 καί
393 2128 591 2208 νενομισμένα
606 2133 705 2190 ποιεῖν
720 2109 955 2206 ὑποτίθεται,
929 2151 972 2192 ων
987 2152 1008 2207 η
1029 2107 1134 2209 τἰρίστη

167 2213 283 2313 γίνεται
304 2213 437 2274 πολιτεία
459 2212 509 2275 καὶ
524 2222 729 2297 κατορθοῦται
751 2208 786 2275 τδι
809 2211 841 2274 έν
862 2220 926 2288 ταῖς
944 2210 1045 2280 πόλεσι
1061 2215 1134 2274 διοι-

167 2292 225 2359 κού
247 2321 310 2362 ενα.

224 2323 366 2482 μῚόιοίύτμγ
387 2381 442 2463 μέν
464 2393 526 2447 ταῖν
540 2380 725 2483 πρακτέων“
709 2409 729 2462 η
743 2385 846 2464 βίβλος
862 2381 1049 2484 διδάσκαλος,
1071 2381 1135 2444 ἔστι

168 2466 201 2530 δὲ
223 2459 370 2548 καὶπρὸς
392 2466 555 2572 ἐμπειρίαν
568 2464 749 2550 πραγμάτων
771 2467 905 2545 ἰπιτηδεί
903 2492 932 2532 α.
966 2459 1133 2569 ούμοτῖν,δ

167 2551 218 2614 καί
242 2561 298 2617 τού
318 2549 408 2698 λόγορ
430 2548 515 2615 εἰπον
536 2549 701 2634 ἀρχομένου
727 2551 778 2616 καί
801 2551 932 2638 ἐνμέσῳ
955 2549 1062 2614 τούτου
1082 2575 1134 2632 γε·

166 2633 291 2716 νόμενος
318 2636 480 2746 έξεθέμην,
510 2639 717 2702 διδασκαλεῖον
746 2637 930 2745 καθέστηκεν
952 2629 973 2717 ἡ
994 2647 1134 2740 παροῦσα

166 2724 270 2868 βίβλος
292 2733 345 2829 ρης
367 2724 533 2804 κρείττονος
562 2723 659 2800 ἕξεως.
704 2720 956 2869 φιλοπονώτερον
974 2711 1029 2783 σύν
1051 2745 1133 2802 μετι-

166 2972 311 3056 ὀνήσιμον
332 2982 393 3048 τοῖς
415 2972 579 3056 ἀκούσασι,
606 2989 672 3051 παῖς
694 2973 811 3042 αὐτῶν
833 2976 915 3081 πύνν
936 2977 1133 3040 λασιτελέστε

166 3084 221 3138 ρον
243 3057 434 3166 έντνγχήνειν
455 3087 509 3165 τη
514 3060 663 3162 παρούσχ
673 3065 707 3142 βί
704 3067 783 3146 βλςο,
812 3089 855 3172 μη
844 3057 1036 3164 περιέργως
1057 3061 1133 3163 μηδ

164 3143 326 3227 ἆνειμένως
346 3141 470 3246 οῖνδρων
492 3141 626 3250 ύγαθιδν,
650 3143 713 3226 ἅμα
728 3148 760 3212 δὲ
775 3147 826 3210 και
846 3157 907 3212 τοῖν
923 3143 1047 3247 φαύλων
1061 3139 1137 3222 τούς

165 3232 251 3313 βίους
273 3227 437 3316 διεξιούση;
460 3225 559 3297 δεῖ
507 3257 582 3380 ἐγαρ
598 3233 725 3296 καίνων
747 3229 872 3311 φαύλων
888 3224 1014 3310 ἔχειν
980 3255 1036 3309 την
1051 3233 1135 3337 ίστρ

166 3317 286 3418 ρίμν,”
268 3341 320 3380 ινα
342 3339 378 3419 τχχ
400 3316 565 3395 παραθέσει
587 3343 649 3382 των
670 3317 833 3421 βελτιόνων
855 3316 888 3381 τδ
904 3317 1052 3422 βλαβερόν
1074 3315 1133 3419 αρί-

164 3405 226 3511 τῶμ
249 3379 461 3503 διδασκόμενοι
481 3397 722 3504 όκριβέστερον’
706 3398 936 3506 απμκρούοιμεν.
971 3400 1048 3466 ούτω
1069 3397 1132 3483 γίιρ

166 3486 215 3549 καῖ
239 3489 271 3549 οί
290 3482 383 3550 πύλαι
405 3479 473 3561 τοὺς
495 3486 613 3552 6avv6v
635 3481 709 3567 πρός
723 3513 759 3551 τα
747 3482 895 3572 κρείττω
909 3488 1020 3564 παῖδας
1036 3507 1135 3550 σπον-
