2548 3850
538 183 589 232 an
607 182 689 234 von.
707 185 760 236 111.
1091 184 1131 248 21

232 321 282 394 73,
299 322 349 381 23.
373 307 534 392 Ἀδριανοῦ
548 312 663 398 θήρας]
686 321 857 397 Spartianus:
881 327 1014 396 oppidum
1028 325 1133 383 Adria-

58 457 59 460 ,
167 408 303 464 aetheros
318 411 348 463 ιἰι
363 407 486 480 quodam
500 410 580 480 ioco,
601 409 678 480 quod
690 410 750 464 illic
766 415 793 464 ct
811 407 941 480 feliciter
956 419 1030 466 essct
1046 426 1132 470 oeno-

163 501 224 563 ·tos,
249 499 277 548 et
291 507 392 548 ursam
408 493 559 548 occidisset
573 493 749 563 aliqnando,
773 496 926 550 constituit.
944 503 950 512 ’

230 576 281 645 73,
304 575 355 632 24.
385 569 563 651 Πομπηίου]
579 576 615 632 lle
625 575 748 650 Pompeii
763 577 796 632 Μ.
811 577 916 633 tumulo
932 595 957 634 v.
973 577 1132 635 Salmasiurn

98 707 100 710 a
165 660 199 716 ad
222 661 355 734 Spartian.
377 661 406 716 in
427 660 557 718 Adriano.

231 742 282 814 75,
306 743 356 801 12.
388 738 589 821 Σευηριανὸς]
614 745 786 803 Servianum
807 749 918 804 sororis
934 750 1026 804 virum
1040 764 1132 804 nono·

165 833 301 903 pesimum
321 833 378 885 ιὀαι
399 847 506 895 annum
527 837 674 904 tepentem,
696 846 735 886 nc
754 833 811 888 sibi
824 835 1038 903 superviveret,
1060 835 1135 888 mori

165 918 264 988 coepit.
295 913 387 982 Quasi
399 914 502 970 scilicet
518 913 729 988 affectatorem!
743 919 865 988 imperii,
887 917 926 972 uti
945 923 1036 971 narrat
1052 916 1132 990 Spar·

166 999 265 1054 tianus

231 1083 335 1156 76,1.
365 1076 497 1160 Σίμιλις]
522 1081 644 1156 Σίμιλος
660 1083 789 1158 Symeoni
803 1082 974 1159 bogothetae
989 1087 1017 1140 in
1031 1084 1131 1142 Chron.

166 1183 231 1224 mss.
256 1176 284 1224 et
305 1166 439 1239 Cedreno,
463 1167 510 1242 qni
530 1167 633 1224 Latinis
657 1168 770 1226 Similis.

233 1251 283 1325 76,
309 1253 358 1308 16.
387 1245 474 1328 βιοὺς
496 1245 552 1326 μὲν
574 1247 624 1326 ἔτη
646 1241 731 1329 τόσα]
756 1252 785 1310 V.
810 1253 898 1310 Gloss.
921 1253 992 1311 med.
1016 1253 1132 1311 (irascit.

164 1338 193 1394 in
215 1327 309 1404 τόσος.

231 1421 332 1492 76,3.
354 1414 501 1478 ’Ἀννινον
523 1416 640 1498 Βῆρον]
666 1421 707 1478 lta
730 1423 809 1478 etiam
831 1419 1000 1496 xiphilinus,
1024 1423 1072 1479 sed
1094 1423 1133 1478 le·

165 1505 283 1579 gendum
304 1494 429 1562 ”Αννιον
452 1514 545 1562 censet
566 1485 745 1598 Sylburgius,
773 1522 854 1580 quem
876 1507 1036 1602 consulep.
1061 1506 1131 1565 992.

229 1591 277 1660 79,
304 1589 354 1647 17.
383 1583 415 1644 ἐν
430 1581 541 1694 ἀπορία
560 1575 727 1668 ἀργυρίων]
751 1589 790 1646 lta
807 1591 980 1688 reposuimus
1002 1607 1035 1647 ex
1051 1591 1131 1654 codd

165 1691 226 1730 cum
249 1663 405 1732 Wolfins’
388 1673 532 1750 αργνρίον
555 1673 699 1748 edidisset,
724 1677 771 1749 qui
793 1676 830 1731 ita
853 1691 885 1730 ex
893 1676 1018 1768 ingenio
1041 1692 1132 1732 emen·

165 1759 249 1831 davit,
275 1769 305 1815 nt
327 1768 356 1815 et
375 1760 447 1816 inira
468 1778 519 1835 pro
541 1750 727 1830 depotnag'
709 1750 856 1834 αργύρια,
884 1746 1029 1859 ἀργύριον
1050 1778 1131 1836 repo-

164 1802 282 1900 nendbm
306 1853 407 1900 censet.
452 1845 531 1902 Certe
553 1845 651 1901 inlra'
645 1863 672 1902 tn
695 1845 770 1904 liidio
792 1833 937 1900 luliauo'
919 1862 1065 1920 αργυριον
1082 1863 1133 1902 nu·

164 1943 239 1985 mero
261 1929 393 2002 singulari
415 1947 465 2004 pro
487 1934 614 2004 pecunia
637 1939 752 2006 usurpat
772 1929 900 1987 Zonaras

229 2012 287 2087 80,
312 2013 362 2072 16.
392 2009 482 2092 ναὸς]
514 2016 550 2071 lie
572 2015 684 2090 Templo
707 2017 840 2089 Cyzicena
869 2015 1054 2072 consulendus
1076 2013 1131 2072 Leo

162 2097 278 2153 Allatius
300 2098 333 2154 ad
354 2097 495 2156 Philonem
517 2100 551 2156 de
575 2099 592 2154 7
617 2099 690 2157 orbis
712 2099 857 2157 Miraculis.

226 2182 284 2254 81,
308 2183 336 2240 9.
367 2177 419 2238 καλ
447 2179 524 2258 πρὸς
549 2176 605 2241 τὸν
629 2173 736 2260 εὐσεβῆ
753 2171 950 2260 Ἀντωνῖνον]
984 2183 1029 2240 Sic
1051 2185 1131 2240 etiam

162 2265 294 2324 Eusebius
316 2267 353 2341 4,
377 2268 426 2340 13,
451 2269 498 2325 sed
522 2270 549 2326 h.
572 2269 661 2326 blarco
684 2269 871 2343 reponendum
893 2267 1034 2324 contendit
1055 2267 1132 2324 Vale-

162 2353 231 2406 sius.
268 2351 346 2408 Hunc
368 2354 490 2411 consule.

226 2435 278 2507 81,
303 2437 351 2493 17.
382 2431 563 2516 φιλοσόφου’]
588 2439 628 2494 lta
648 2441 677 2494 in
699 2437 816 2493 Zonarae
839 2453 890 2491 ms.
913 2435 1080 2510 marginibus
1104 2445 1133 2492 et

161 2521 190 2576 in
212 2519 357 2595 Capitolini
385 2521 459 2578 libris
488 2521 625 2579 veteribus
648 2521 792 2594 scribitur,
822 2521 945 2592 tametsi,
970 2522 1060 2594 iuquit
1083 2519 1130 2576 Ga-

161 2605 316 2677 saubonus,
349 2608 518 2680 Philosophi
543 2607 686 2681 appellatio
712 2608 784 2663 inter
811 2605 846 2662 hl.
874 2606 1004 2662 Antonini
1033 2606 1130 2661 titulos

161 2689 257 2746 nullibi
280 2702 416 2766 occurrat,
438 2709 488 2748 seu
510 2693 537 2748 in
557 2691 695 2748 veteribus
710 2689 931 2764 inscriptionibus
947 2706 996 2746 seu
1010 2691 1038 2746 in
1053 2706 1130 2746 num-

161 2775 226 2844 miS,
257 2773 325 2830 adeo
353 2785 384 2832 ut
401 2779 595 2853 recentiorum
622 2779 787 2852 scriptorum
815 2777 955 2831 inventum
983 2776 1033 2830 sit:
1067 2775 1131 2832 licet

160 2857 349 2932 philosophiae
370 2862 543 2934 potissimum
563 2862 683 2962 studium
702 2861 867 2935 impendisse
882 2859 990 2916 tradant
1011 2860 1129 2954 scripto·

160 2958 214 2999 res.
250 2942 364 3003 loannes
386 2946 586 3003 Antiochenus:
610 2935 710 3025 ἐπῃνει
734 2939 766 3002 dt
787 2941 849 3002 νων
872 2932 1048 3015 φιλοσόφων
1068 2931 1129 3043 ἄναξ

160 3023 214 3098 τῆς
234 3024 340 3104 στοᾶς,
362 3023 413 3085 nai
435 3017 476 3122 ἦν
496 3020 555 3105 ἄρα
577 3004 700 3106 ἐκείνων
722 3023 860 3122 μιμητὴς,
885 3047 921 3087 ου
942 3023 1038 3103 μόνον
1053 3023 1131 3085 κατὰ

161 3100 218 3184 τὴν
239 3116 302 3171 τοῖν
330 3103 531 3188 διαιτημάτων
559 3087 765 3191 teredinem,
793 3100 868 3174 ditat
891 3107 966 3174 κατὰ
992 3134 1050 3186 την
1072 3111 1131 3170 τῶν

161 3189 351 3272 μαθημάτων
374 3192 538 3272 ον’λληψιν.

226 3281 275 3347 83,
299 3285 349 3343 28.
380 3275 613 3360 κεραυνοβόλου]
637 3284 764 3358 legionis
784 3285 829 3341 llll
851 3285 1051 3342 Fulminatrieis
1074 3301 1131 3339 non
1149 3279 1183 3329 24

161 3365 246 3420 semel
267 3367 382 3426 habetur
403 3370 505 3425 mentio
528 3371 555 3425 in
577 3367 714 3426 veteribus
729 3370 952 3445 inscriptionibus
975 3369 1046 3442 apud
1062 3367 1130 3424 Gru-

165 3459 263 3508 terum.
