2544 3852
484 201 534 252 AD
553 200 636 253 VOL.
653 203 699 254 IV.

212 329 296 396 άλλοι
318 332 373 412 μὲν
395 325 478 394 άλλοι
499 337 560 396 τῶν
582 331 675 396 πάλαι
696 336 843 416 βασιλέων

214 414 323 492 τόπους
344 415 591 498 προηντρὲτιησαν
612 420 653 492 είς
674 419 774 519 ταφὴν
796 420 911 496 ξένους

212 502 271 583 ἐγώ
296 502 328 564 δὲ
350 504 520 580 Βασίλειος,
543 504 702 650 πορφύρας
723 499 825 605 γόνος,

213 589 318 666 εἴσειμι
341 581 490 668 τάμβονὲ
492 589 608 691 νμέσρο
630 598 684 687 τῆς
705 585 852 687 ἕβδόμρν,

212 672 263 734 και
284 690 321 734 σα
342 673 452 771 βατίζοο
474 663 543 746 τοὺς
564 665 744 779 άμετρήτους
765 668 894 750 πόνους,

215 752 268 830 οάς
290 756 323 818 ἐν
320 751 451 866 μάχαις
475 755 602 840 ἔστεγον,
625 753 680 858 ρδς
701 757 889 840 ἐκαρτέρουν,

212 835 267 944 ἆρ’
293 835 333 904 οδ
353 835 410 921 γάρ
432 842 556 987 ρίασιλέα
577 835 650 916 Θεδς
672 841 796 922 κε’κληκὲ
815 866 869 924 με,

214 921 250 987 06
256 925 329 1033 γάρ
351 949 394 998 τις
417 922 535 986 εδεν’
516 929 648 1008 ηρεμοῦυ
659 923 741 1028 ἐμὸν
760 924 847 1009 δόρυ,

214 1010 265 1110 κριί
286 1013 468 1156 μαρτυροῦσι
490 1015 576 1072 τοῦτο
598 1008 722 1115 Σκάθριι
745 1012 795 1074 καί
807 1011 948 1113 Πέρσαι,

213 1088 337 1170 σδνοῖς
355 1085 489 1176 Ἰσμαὴλ,
510 1089 703 1204 '146667034'
699 1097 793 1178 Ιβὴρ,
807 1091 919 1199 Ἄραψ.

174 1184 325 1257 126,10.
358 1179 480 1282 γρναικλ
509 1179 540 1242 δὲ·
562 1181 628 1254 νέος
657 1177 697 1244 ὢν
720 1183 856 1263 συζυγεὶς
874 1175 979 1260 Ελὲνρ
1002 1181 1071 1264 σῑσ]

108 1268 220 1326 Michael
247 1270 353 1326 Psellus
386 1271 413 1324 in
443 1271 527 1345 Epist.
559 1273 660 1329 inedita
687 1274 720 1330 ad
748 1273 953 1330 Constantinum
980 1271 1074 1329 Mono-

109 1353 233 1410 machum
256 1354 321 1428 Imp.
344 1353 377 1410 δε
401 1353 579 1412 Constantino
602 1357 691 1414 Basilii
707 1357 805 1414 fratre:
828 1347 924 1431 γήμας
946 1350 977 1413 δὲ
986 1373 1071 1458 „3⁶91”

109 1431 197 1513 τίραν
219 1432 373 1512 θυγατέρα
395 1428 476 1505 τινὸς
499 1435 559 1494 τῶν
574 1432 607 1496 ἐν
621 1436 714 1514 τέλει,
738 1434 837 1497 κάλλει
856 1411 1007 1514 διαπρεπη
1021 1435 1073 1496 καί

108 1513 371 1596 καλλιτεκνότητος
393 1513 481 1590 δὲ’
443 1520 536 1595 συκῆς
550 1522 717 1621 γεγονυίας,
740 1543 776 1580 ου
766 1511 950 1582 ’Σκιπίωνα
972 1519 1072 1581 τεκού-

109 1619 175 1676 σης,
202 1599 330 1708 Φάβιορ,
352 1596 424 1662 οὐδὲ
440 1603 567 1705 Τερτίαν
589 1597 656 1666 τινά
672 1605 819 1666 Πυθικοῦ
834 1602 963 1682 ἔμπλεον
983 1600 1072 1666 πνεά-

108 1707 217 1764 ματος,
240 1683 316 1748 σίλλδι
331 1680 507 1792 Χάριταρ’
485 1710 525 1758 ως
546 1678 649 1766 άληθῆ
663 1694 728 1762 ταῖς
746 1689 984 1795 θρυλλουμέναις
999 1685 1073 1750 ἐκεί-

48 1769 53 1777 ’
108 1793 176 1842 ναις
203 1771 384 1850 ἰσαρίθμους
412 1793 462 1832 και
491 1763 712 1852 άνθαμίλλους,
741 1797 792 1834 και
818 1796 858 1856 τρο
880 1776 955 1858 θείῳ
978 1769 1073 1858 τοάτρο

108 1849 232 1939 άριθμρδ
254 1855 286 1918 τδ
310 1855 378 1964 τῆς
383 1863 474 1954 γονῆς
495 1859 666 1936 περιορίσας
688 1835 847 1936 φιλότιμον
870 1871 922 1920 ete.

174 1945 246 2048 126,
271 1946 319 2004 15.
352 1931 397 2002 σον
418 1962 437 2045 ρ
458 1937 514 2019 μὲν
534 1941 725 2046 πρεσβυτερα
733 1942 884 2041 Ειίδοκίρι]
908 1948 983 2004 Idem
997 1947 1073 2004 Psel·

101 2030 168 2086 -lust
191 2024 243 2086 καὶ
265 2023 379 2087 τούτων
400 2021 457 2104 τὴν
471 2027 618 2105 πρεσβυτί
618 2051 686 2107 ραν,
708 2021 894 2105 άρρενοοττότε
918 2017 984 2088 δέ”
965 2051 985 2105 ιγ
999 2029 1072 2104 μαλ-

110 2113 164 2169 λον
184 2105 342 2190 θειότερόν
364 2133 390 2172 τι
413 2108 597 2212 φονιίσασαν,
620 2112 671 2174 καί
691 2108 826 2193 άγγέλοον
848 2110 990 2174 ἐντεῦθεν
1005 2129 1074 2170 σνν-

1 2195 2 2198 ’
108 2195 323 2296 αριθμηθῆναι
353 2192 596 2272 ἐθελήσασαν’
560 2219 702 2274 ταγματι,
725 2195 783 2274 τὴν
804 2187 1000 2297 βασιλικὴν”
984 2217 1125 2268 οντωςιιο

109 2273 217 2377 στολὴν
239 2274 430 2358 άμφιένυυσι,
453 2279 505 2342 καί
526 2303 568 2362 τρι
590 2283 643 2341 θεί
642 2303 666 2364 ρο
682 2282 803 2364 νυμφίῳ
818 2275 943 2358 νάμφρν
965 2274 1075 2358 εἰσάγει

109 2355 277 2441 άκήρατον,
306 2364 356 2425 καὶ
379 2371 443 2437 ταῖς
465 2341 594 2424 παστάσι
616 2341 810 2444 ἐγκαθιδρύει
832 2371 896 2436 ταῖς
921 2363 1073 2441 κρείττοσι.

177 2453 253 2524 128,
283 2455 310 2510 9.
341 2446 536 2528 συνρρμόσθρ
563 2473 599 2533 τρ
629 2449 715 2533 Ζωρ]
754 2455 846 2529 Lupus
877 2453 1073 2527 Protospatha.

110 2541 194 2594 Anno
219 2538 300 2596 1029
322 2546 452 2596 mortuus
480 2546 523 2595 est
546 2539 750 2597 Constantinus
771 2541 880 2611 Imp.
868 2557 898 2596 ια
924 2541 1023 2611 οἰρίλία
1045 2538 1074 2594 S.

1 2679 2 2682 ,
111 2623 236 2680 Martini
257 2631 284 2679 et
306 2639 337 2680 se
359 2627 469 2682 vivente
491 2627 624 2694 inposuit
645 2628 675 2681 in
698 2627 765 2681 sede
786 2641 840 2681 sna
862 2624 1024 2682 Romanum
1048 2631 1075 2678 σι

112 2709 191 2764 dedit
214 2710 241 2762 ei
261 2724 384 2765 unorem
407 2708 493 2764 Zoam
513 2711 605 2780 filiam
626 2725 720 2766 snam.

177 2789 252 2862 128,
277 2791 328 2848 22.
367 2782 556 2868 οἰκονόμους]
591 2792 654 2849 Vide
684 2791 772 2850 Gloss.
803 2791 873 2849 med
905 2790 1018 2848 Graecit
1046 2791 1075 2846 in

113 2867 290 2946 Οίκονόμος.

177 2959 253 3031 131,
278 2960 327 3017 20.
357 2950 497 3032 πράκτωρ
518 2949 587 3016 άντλ
610 2957 791 3035 κρατοῦντος
813 2945 966 3054 ἐγένετο]
970 2958 1074 3016 Ρεολλοε

110 3047 138 3101 in
160 3043 268 3100 laudata
290 3043 410 3139 Epistola
438 3044 470 3100 ad
495 3043 714 3116 Monomachum,
744 3045 777 3102 de
799 3047 921 3146 Argyre:
949 3032 1074 3138 άπαραί-
1127 3093 1128 3098 ,

111 3123 198 3223 τρτός
219 3146 249 3184 τε
272 3117 305 3184 τὸ
326 3117 538 3222 ὀφειλόμενον
550 3118 769 3203 εἰσεπράττετο,
797 3121 848 3184 καὶ
875 3123 907 3184 ἐν
928 3117 1076 3196 δαπάναις

110 3202 145 3268 τδ
166 3205 405 3309 γρεοοστοάμενον
428 3202 630 3288 κατεβάλλετο.
674 3213 759 3272 lnsra:
782 3206 924 3270 ἐντεῦθεν
942 3201 1076 3308 γνάμαις

111 3289 244 3368 φαύλαις
258 3296 455 3394 συνομιλῶν,
462 3291 514 3354 καί
531 3291 677 3366 διανοίαις
683 3291 942 3400 συνδιαιτώμενος
963 3289 1075 3370 κακοή-

112 3383 198 3451 θεσι,
227 3379 401 3478 μετεβλήθη
421 3371 478 3454 τὴν
500 3375 618 3456 ψυχὴν,
641 3375 692 3437 καί
714 3369 789 3459 πρδς
810 3374 928 3460 πράξεις
950 3371 1003 3438 τδν
1027 3379 1074 3438 λο-

12 3485 16 3490 ·
112 3455 221 3544 γισμδν
243 3452 404 3540 ἦλλοίωσεν
426 3457 463 3524 οδ
484 3458 585 3536 καλάς
