2544 3852
225 237 285 302 188
558 233 842 287 ANNOTATIONES
1245 9 1270 284 1

288 377 365 447 216,
390 377 418 434 7.
452 365 493 442 ὥς
516 368 601 452 ἔθος]
630 373 811 431 Continuator
832 374 1005 448 Theophanis
1033 374 1081 430 lib.
1105 374 1135 432 3.
1159 392 1191 431 ιι.
1268 371 1270 426 ἶ

224 461 281 533 24,
310 461 356 517 uhi
378 460 412 517 de
438 459 589 533 Theophilo
618 459 683 533 lmp.
709 475 788 532 quem
817 457 849 514 ab
877 457 1001 515 hostibus
1029 458 1193 554 capiendum
1269 497 1270 500 ¹

224 547 322 603 exemit
343 544 463 601 llanuel:
487 535 604 619 ἐτροόθη
626 536 683 616 τὴν
704 535 806 616 ψυχὴν
828 531 886 598 ὁ’
868 529 956 615 ανὴρ,
978 536 1102 644 βασιλέα
1120 529 1192 598 Ῥω·
1258 552 1264 563 ·

223 627 319 705 μαίων
341 618 525 703 αἰχμάλωτον
539 621 692 703 γενέσθαι,
714 620 841 683 καὶτῶν
857 620 977 701 ἐχθροῖν
990 618 1189 684 ὖττοττόδειον.

224 715 289 772 Vide
311 714 409 771 Notata
430 713 463 769 ad
485 713 666 787 Nicephorum
689 713 852 787 Bryennium
873 711 920 768 lih
946 712 976 769 l.
998 729 1025 769 n.
1053 712 1100 768 17.
1139 712 1192 768 lle·

225 815 277 873 que
299 808 390 855 tamen
412 797 439 853 ld
463 797 602 854 Saracenis
624 795 762 871 peculiare
791 796 875 853 luisse
898 796 1028 854 docemur
1050 813 1082 853 ex
1105 795 1191 852 Chro-

224 886 285 941 nico
308 901 359 939 ms.
383 882 492 956 Georgii
514 881 692 938 hamartoli
684 897 711 937 m
734 880 863 938 lliehaele
886 879 983 954 Balbo,
1012 883 1058 954 qui
1081 881 1192 938 devicto

197 1006 200 1012 ·
224 969 327 1024 Thema
348 976 481 1040 tyranno,
509 957 563 1021 τόν
585 959 735 1057 τράχηλον
758 953 852 1020 αυτοῦ
880 957 956 1020 κατὰ
984 958 1043 1037 τήν
1063 953 1191 1040 ἀρχαίαν

223 1043 390 1126 συνήθειαν
418 1042 610 1123 πετατηκὼς,
644 1037 735 1106 καὶ
717 1039 943 1150 ακρωτηριοὶσας
970 1039 1064 1105 αυτοῦ
1091 1050 1193 1123 χεῖρας

224 1129 275 1191 καὶ
304 1131 414 1203 πόδας,
444 1129 495 1190 καὶ
521 1151 615 1202 ουτως
641 1123 906 1207 ἆναοκολοττήσας,
934 1134 1005 1191 civili
1030 1133 1103 1190 bello
1126 1145 1193 1209 post

225 1222 369 1277 triennium
394 1217 474 1275 finem
495 1220 637 1294 imposuit.
682 1219 735 1275 Sed
761 1229 790 1276 et
811 1219 926 1293 legimus
953 1220 1023 1293 apud
1046 1219 1191 1293 '·lheopha

223 1321 296 1376 nem,
319 1304 481 1377 Cedrmmm,
503 1313 532 1360 ct
553 1311 677 1360 nostrum
698 1304 837 1376 honoram,
861 1303 1067 1360 Constantinum
1087 1302 1192 1377 Copto·

224 1405 351 1462 uymnm,
374 1389 459 1462 captis
482 1389 622 1463 Apsimaro
646 1398 673 1444 et
695 1387 824 1460 Leontio,
848 1390 935 1462 iisque
957 1387 1111 1444 incircum
1136 1399 1191 1444 tra·

225 1473 324 1546 ductis,
348 1489 443 1529 eorum
466 1474 536 1530 eolla
557 1473 669 1570 ppdibus
691 1472 823 1530 calcasse:
846 1491 897 1528 αα
888 1463 1039 1546 ’ἐπάτησε
1054 1464 1108 1526 τὸν
1122 1463 1192 1544 spei·

224 1557 315 1632 χηλον
337 1548 440 1614 αὐτῶν
461 1547 545 1630 ἄχρις
565 1548 738 1624 οἶττολυσεως
758 1554 812 1612 τοῦ
833 1549 952 1632 πρώτου
974 1553 1073 1630 βαΐοο.
1108 1557 1191 1631 Apud

225 1642 368 1716 Scylitzem
397 1660 425 1716 p.
454 1642 514 1700 637
543 1642 659 1718 legimus
688 1641 893 1698 Constantinum
923 1640 1190 1715 Porphyrogenitum

224 1727 429 1801 Apolasaerum,
452 1726 586 1783 Chabdani
605 1727 757 1782 Tarsensis
766 1727 878 1782 Aurorae
900 1734 1057 1800 cognatum,
1081 1734 1191 1819 captum

225 1813 252 1866 in
274 1811 376 1885 praelio
399 1827 413 1866 a
435 1809 587 1885 Nicephoro
610 1811 708 1884 l‘hoca,
731 1806 884 1888 θρίαμβον
905 1801 1090 1882 ποιήσαντα,
1111 1828 1190 1864 κατα

224 1892 277 1950 τοῦ
299 1887 458 1989 τραχήλου
470 1895 623 1952 calcavisse.

288 1978 359 2048 217,
384 1977 412 2034 8.
442 1965 602 2052 ὑαέρτιμος
629 1967 759 2056 Ψελλὸς]
783 1982 820 2037 lle
836 1937 984 2054 Hypertimi
1007 1980 1089 2036 titulo
1104 1997 1188 2053 quae-

175 2061 1191 2135 118damannotamusinGloss.med.Graecit.Wollius‚virltono
1267 2109 1269 2134 4

224 2151 398 2219 rectissimus,
421 2154 551 2220 verterat,
574 2136 745 2222 reposuimus
768 2149 973 2221 Hypertimus‚
997 2165 1057 2206 oum
1080 2150 1117 2206 sit
1137 2165 1190 2205 no·
1267 2137 1269 2193 l

224 2248 286 2288 men
314 2232 463 2305 dignitatis.
514 2232 538 2287 ls
565 2249 649 2330 porro
676 2232 783 2289 Psellus
809 2232 1003 2290 Constantinus
1032 2242 1145 2289 vocatur
1174 2251 1190 2289 a
1266 2197 1268 2312 ff

225 2315 394 2410 Scylitzep
418 2315 496 2388 835,
526 2318 573 2390 qui
595 2316 778 2372 emendandus
806 2317 928 2374 videtur.
958 2330 1037 2389 ηααν
1064 2310 1138 2372 tt“
1117 2336 1134 2374 ο
1159 2335 1191 2372 τε
1267 2335 1268 2354 ι

225 2393 433 2494 Παλαιολόχος
461 2391 684 2474 Νικηφόρος
670 2418 685 2456 ο
712 2391 885 2473 Ὑπέρττμος
909 2395 961 2456 καὶ
984 2397 1043 2457 τῶν
1063 2391 1190 2459 Φιλοσό-

225 2501 293 2560 φων
306 2474 442 2552 Ὕπατος
463 2476 726 2553 Κοινοταντῐνοςό
753 2476 877 2554 Ψελλός.
909 2485 1093 2543 luterserentla
1116 2488 1189 2544 enlm

224 2570 356 2643 particula
378 2562 429 2625 καὶ
451 2578 513 2626 ante
535 2561 551 2625 ὁ
572 2562 755 2645 ’Ταέρτιμος,
778 2588 859 2644 quam
874 2587 966 2627 vocam
981 2587 1032 2645 per
1045 2571 1188 2629 honestis-

223 2658 293 2711 simo
315 2657 378 2712 loeo
399 2661 487 2710 natos
508 2671 649 2728 perperam
672 2657 754 2712 vertit
774 2655 919 2728 interpres
954 2655 993 2710 lta
1015 2658 1093 2711 etiarn
1118 2655 1189 2712 Gon·

224 2740 371 2794 staminum
393 2758 419 2814 p
437 2737 510 2811 846,
532 2738 577 2794 uhi
597 2739 712 2795 Zonaras
734 2740 815 2812 paulo
837 2739 907 2795 iulra
927 2739 1081 2796 michaelem
1102 2749 1190 2800 vocat.

289 2821 367 2894 217,
392 2821 439 2879 18.
478 2825 543 2878 Δοκ
544 2817 609 2899 αν]
645 2825 710 2879 Tres
741 2841 805 2879 mss.
834 2841 893 2898 reg.
925 2817 1065 2880 Δόαειαν.
1109 2823 1189 2880 Alter

217 2867 367 2963 ’hoavcvf
394 2897 508 2963 Δόκιαν
523 2925 582 2980 χωρ
584 2905 635 2964 lov
653 2905 829 2984 Δαρβιδοον
851 2926 945 2965 versus
967 2910 1118 2966 Armeniam
1133 2925 1190 2964 me·

224 2998 311 3047 morat
333 2993 490 3066 Anonymus
514 2991 753 3048 Comhellsianus
746 3009 774 3048 ιιι
789 2993 908 3050 llomauo
931 2992 1070 3066 lacapeno
1092 3010 1120 3049 ιι.
1138 2992 1188 3049 12.

289 3074 365 3146 217,
390 3075 438 3134 23.
472 3071 655 3153 Κριοπίνοο]
691 3077 805 3150 Crispini
833 3086 911 3152 gesta
934 3085 961 3133 et
983 3077 1109 3132 familiam
1132 3079 1189 3134 sin·

225 3159 311 3232 gulari
333 3160 524 3217 dissertatione
546 3165 706 3236 prosequuti
728 3179 822 3218 sumus
844 3163 870 3218 in
893 3161 970 3218 Notis
991 3161 1024 3217 ad
1044 3159 1189 3236 Nicephori

223 3244 350 3318 Bryenuii
373 3244 474 3302 histor.
497 3244 543 3306 lih.
569 3247 597 3302 1.
621 3263 648 3300 ιι.
673 3245 722 3306 24.

192 3390 197 3404 .
288 3328 360 3399 218,
384 3330 413 3387 6.
447 3318 653 3406 εἰς’Ἀδανον]
678 3329 769 3404 Lupus
792 3331 987 3404 Protospatha:
1010 3346 1080 3386 anno
1105 3328 1188 3388 1069

222 3414 373 3471 Romanos
395 3413 549 3487 Diogenes,
572 3419 623 3488 qui
643 3431 707 3471 cum
722 3417 873 3486 praedicte
888 3415 1033 3472 Michaele
1053 3417 1190 3488 prioipno

224 3514 275 3554 suo
303 3499 417 3554 tenebat
443 3499 615 3571 Imperium.
644 3499 755 3572 frattae
778 3503 928 3571 praedicti
946 3500 1100 3556 Michaelis
1124 3504 1189 3572 pri·
