2548 3850
485 274 536 324 no
553 272 636 324 voc.
653 272 691 324 ιι.
1037 272 1077 336 15
1097 311 1099 316 ,

108 409 212 470 dicimo
238 413 385 488 legendum
415 411 541 468 observat
570 429 602 468 ex
630 409 765 468 Strabone
791 412 810 472 l.
840 412 870 484 V,
898 414 1020 487 Appiano
1048 416 1076 470 in

107 499 227 574 illyrico,
250 507 278 554 ct
300 497 448 571 Stephano.

172 583 250 653 229,
275 583 323 639 15.
354 575 469 658 Αἴμου]
499 583 665 638 Αειιιίιοιιιιι
688 582 815 654 apposnit
835 579 968 651 Woldus,
1001 581 1075 654 quod

108 668 207 725 durius
241 669 354 723 huiusce
387 665 504 722 nominis
538 681 594 721 non
627 675 753 722 occurrat
785 665 856 739 apud
885 663 1073 739 deographos.

107 753 172 814 Cata]
196 767 260 807 vero
283 751 353 807 dicat
374 751 490 806 Zonaras
512 750 649 824 illyricum
670 753 741 806 intra
762 748 892 805 Haemum
913 748 1024 805 durium
1046 759 1075 805 et

16 873 17 886 ι
106 839 206 894 istrum
228 851 316 909 nsque
337 833 371 889 ad
392 833 510 890 Pontum
533 833 665 890 Euxinum
688 836 837 900 contineri,
866 833 973 889 videtur
994 833 1075 890 intel-

16 955 19 980 t
107 923 275 990 larisseaut
298 921 410 975 [irarum
439 929 485 975 aut
508 919 604 974 Savum
626 917 732 978 duvios.
776 913 873 994 [Recte
894 913 990 974 Αἴνου
1011 918 1075 973 Pin·

16 1049 17 1052 Ἴ
106 1002 242 1161 deru2d2,
270 1089 318 1144 11.
350 1077 397 1143 ἐπ’
412 1073 614 1164 ’Ίστρου]ἔιι’
581 1075 758 1158 ιιἼστροιις
772 1087 958 1161 reponendum
974 1104 1007 1144 es
1023 1087 1074 1143 liu·

106 1177 198 1268 tropio
221 1173 241 1231 1.
264 1173 283 1230 3
306 1181 334 1228 et
356 1172 414 1228 aliis
436 1171 564 1228 observat
585 1172 708 1230 Valesius
736 1173 769 1228 ad
796 1172 923 1228 loannem
943 1173 1075 1230 Antiocb.

16 1259 18 1326 ἶ
106 1262 152 1333 qui
171 1245 345 1329 Ἰστριανοῖς
367 1255 457 1312 habet.
500 1257 539 1314 lta
562 1257 608 1313 [lio
630 1258 648 1314 l.
665 1256 705 1314 38
728 1275 754 1331 p
771 1255 811 1314 64
833 1243 954 1328 ἡττήθη
970 1250 1073 1332 (πρὸς)

16 1349 18 1368 ³
104 1349 140 1422 τῇ
162 1339 223 1398 τῶν
242 1334 415 1414 Ιστριανιιῖν
436 1333 522 1398 πόλει
544 1335 620 1412 πρὸς
634 1345 696 1398 τῶν
713 1341 851 1398 Σκυθῶν
864 1339 925 1396 τῶν
942 1339 1073 1417 Βασιαρ·

106 1433 180 1500 νῶν,
205 1427 249 1483 ubi
271 1429 416 1524 interpres,
440 1428 480 1482 ad
498 1427 643 1483 Istrorum
663 1427 771 1483 urbem.

16 1553 19 1594 ,
170 1511 316 1582 281,19
345 1499 459 1564 οθεν
442 1529 462 1582 η
484 1503 637 1584 γερουσία]
661 1509 855 1566 Ammianusl.
879 1508 918 1564 14
941 1517 969 1565 et
991 1513 1072 1566 dota·

16 1601 18 1670 i
106 1607 155 1654 tur
170 1613 210 1654 ea:
226 1599 344 1652 aerario
358 1597 421 1667 filio
437 1594 588 1667 Scipionis,
605 1612 670 1651 cum
684 1595 818 1651 nobilitas
830 1596 932 1665 florem
956 1596 1073 1650 aduitae

16 1719 17 1728 ι
106 1685 236 1756 uiryiuis,
257 1682 425 1736 diuturnum
448 1681 605 1736 absentium
626 1680 811 1736 erubesceret
828 1681 935 1750 putris.
977 1677 1007 1734 V.
1025 1677 1073 1732 Va·

16 1827 17 1842 ,
107 1767 202 1822 lorium
225 1764 293 1821 llax
316 1763 345 1834 4,
369 1761 399 1817 4
445 1761 474 1818 11
496 1765 586 1820 hausit
608 1781 623 1818 a
645 1763 729 1819 bione
750 1763 877 1833 Zonaras,
901 1761 974 1835 quod
997 1762 1073 1817 siluit

16 1905 17 1916 ,
109 1851 185 1907 l'itus
207 1849 308 1906 Livius.

16 1925 18 1928 ’
170 1933 249 2006 280,
272 1931 300 1992 8
334 1925 388 1988 τὸν
413 1919 580 2008 Ἰνδίβιλιν]
610 1933 649 1988 lta
670 1932 767 2008 Livio,
799 1895 880 2006 quem
905 1920 1073 2006 Ἀνδοβάλη

105 2019 154 2076 Pol
175 2019 246 2075 bins

16 2155 18 2158 .
158 2037 293 2174 y287,1.
325 2095 750 2178 Σοφωνὶς]11ιιιιιι.,ιιιιιιιιι
774 2089 918 2175 Σοφόνβα
939 2099 1074 2175 Excerpta

16 2177 20 2216 *
108 2189 267 2262 iliodorip.
292 2185 364 2258 289,
387 2185 430 2240 alii
454 2185 661 2260 Sophonisbom
682 2192 790 2244 vocant.

172 2271 245 2343 292,
269 2270 318 2326 29.
347 2263 479 2374 Ἀφρικὴ
502 2263 574 2348 γὰρ]
598 2271 763 2344 Eunapius'
756 2285 783 2324 ιιι
805 2269 931 2324 Maximo:
957 2265 1010 2323 καί
1029 2287 1073 2334 τις

105 2355 163 2412 τῶν
187 2350 220 2411 ἐκ
241 2344 379 2428 Λιβύης,
402 2347 440 2429 ἣν
464 2346 613 2430 Ἀφρικὴν
635 2356 761 2411 καλοῦσι
780 2343 918 2426 Ῥωμαῖοι
940 2345 1016 2410 κατὰ
1038 2345 1070 2408 ed

105 2434 231 2509 πάτριον
253 2443 306 2514 τῆς
327 2431 465 2533 γλώττης.

169 2525 241 2590 321
265 2525 313 2582 36.
343 2513 358 2578 d
383 2519 413 2581 δὲ
435 2522 488 2596 τῆς
510 2521 662 2600 Αἰγύπτου
685 2521 817 2598 κρατῶν]
848 2521 912 2578 Vide
936 2521 1071 2578 Valesium
1090 2521 1122 2570 12

107 2611 140 2668 ad
163 2610 272 2666 iliodori
293 2607 473 2684 Excerptap.
498 2611 548 2669 50

16 2735 18 2744 .
95 2725 96 2728 ¹
171 2694 243 2769 328,
270 2693 318 2750 18
351 2685 576 2772 Μασιανάβου]
608 2695 646 2750 lta
667 2695 839 2768 reposuimus
868 2708 900 2748 ex
921 2689 1071 2760 codicibus,

16 2771 18 2798 ³
107 2779 245 2852 quomodo
277 2778 429 2852 appellatur
461 2780 494 2836 ab
527 2781 657 2854 Appiano.
707 2776 824 2834 Wollius
859 2765 1072 2846 Μασιανάμου

106 2864 240 2920 ediderat:
263 2879 342 2936 quem
366 2880 487 2920 errorem
511 2866 611 2921 uiderat
626 2863 746 2918 Valesius
762 2861 795 2918 ad
809 2859 913 2934 Polybii
928 2858 1070 2933 Excerpta.

172 2947 244 3018 331,
267 2947 317 3003 24.
349 2937 496 3025 qumvu]
523 2948 608 3017 Quam
631 2943 809 3017 ἱππακρίτιις
830 2943 959 3019 Polybius
983 2952 1070 2999 vocat.

104 3033 170 3089 Vide
193 3031 330 3089 Valesium
353 3032 385 3088 ad
409 3033 516 3090 iliodori
539 3033 669 3106 Excerpta
691 3051 718 3106 p.
742 3029 793 3088 45.

169 3117 242 3188 338,
265 3116 295 3174 8.
325 3111 436 3190 πατρὸς
460 3111 505 3194 δὲ]
531 3117 594 3174 Vide
616 3125 711 3174 notata
733 3115 764 3172 ab
789 3115 893 3172 Valesio
917 3113 949 3168 ad
974 3111 1071 3169 Execr-

16 3197 17 3256 f
104 3210 151 3276 pta
173 3200 278 3275 Polybii
302 3218 330 3274 p
354 3201 404 3260 32.

16 3351 18 3358 ¹
168 3285 247 3357 338,
270 3285 321 3342 32
351 3279 387 3344 coi
409 3280 463 3360 μὲν
486 3273 543 3340 ouo
564 3280 649 3358 μέχρι
674 3279 762 3342 τοῦδε
788 3274 980 3356 πεπραγμένα
1004 3272 1070 3336 Ῥω-

16 3387 18 3430 3
104 3365 216 3446 μαίιιις]
241 3370 345 3426 Omissa
367 3379 409 3430 est
431 3391 446 3428 a
466 3372 573 3426 Zostera
595 3370 707 3426 historia
729 3365 793 3442 belli
807 3367 952 3438 Lusitanici
974 3373 1070 3421 contra

17 3511 18 3514 ,
104 3455 253 3513 Viriathum
277 3457 360 3526 gesti:
383 3459 448 3514 item
463 3456 663 3522 Numantinum,
688 3437 833 3508 Asiaticum
855 3459 950 3508 contra
965 3449 1069 3503 Aristo-

16 3583 18 3600 .
104 3543 204 3611 nicom,
228 3546 370 3612 praeterea
386 3541 604 3614 Allobrogicum,
626 3536 794 3594 Thracicum:
817 3535 916 3592 adhaec
931 3531 1069 3606 iugurthi-
