2548 3850
515 223 566 272 λυ
585 222 668 274 τοι.
687 223 737 274 111.
1072 183 1115 285 29

144 351 186 460 μή
210 355 284 457 λέγω
305 348 358 417 τόν
380 350 509 457 ποιητηυ
523 351 635 432 αῦταῦν,
659 351 912 458 ὡμολόγηνται,
896 349 965 429 τοῦς
985 356 1094 457 μέν
1054 379 1114 418 των

143 438 318 522 ἀνθρώπων
339 435 476 521 μοιχοῦς,
503 436 574 513 τοῦς
595 439 628 502 δέ
650 439 775 527 φονέας,
803 437 832 517 ἐξ
853 437 1007 539 ανόγκης
1007 434 1112 504 όποτε-

145 530 282 604 λοῦντες,
310 525 361 587 καί
391 527 418 588 εί
439 527 488 586 δεῖ
506 519 634 623 τάληθὲς
656 525 765 606 εἰπεῖν,
794 522 842 587 ἐπὶ
864 520 1007 605 μέσου
978 549 1031 588 τον
1053 523 1114 589 Οῦ·

145 610 253 674 όλεντα
281 605 425 693 παράγειν
452 609 530 683 ολως
557 600 612 671 οῦκ
636 575 765 718 5553553
788 602 824 671 τό
845 634 903 690 γαρ
931 611 983 686 τῆς
1010 607 1114 712 οἶστρο-

146 698 246 800 λογίας
269 694 410 757 ἐντεῦθεν
425 695 625 773 διεψευσμένοι
644 718 695 756 και
686 695 821 775 μᾶλλον
843 688 1040 794 ἐλέγχεται·
1027 689 1114 776 ογδρ

148 776 269 859 Οῦόλης
297 774 385 854 οὗτος
411 775 620 882 ἀκριβέστατος
653 779 704 840 καί
732 783 826 844 ταῦτα
857 771 899 842 5v
926 777 1115 860 ἀστρολόγος,
1133 790 1166 838 29

147 867 187 938 είς
210 864 378 940 ἑξακοσίους
399 860 475 965 πρός
497 871 558 939 τοῖς
579 863 759 942 ἐνενήκοντα
780 867 820 966 ἓξ
834 863 981 938 ἐνιαυτοῖς
1004 865 1116 944 διαμεῖ-

148 973 199 1012 ναι
222 973 278 1027 την
299 946 390 1012 πόλιν
411 946 522 1028 ταότην
538 948 608 1028 ἐφοί
605 951 689 1029 βασι,
712 945 814 1010 καί
784 946 861 1012 οῦτοι
877 950 1117 1048 διημαρτημένην

148 1030 203 1116 τὴν
225 1035 331 1135 τέχνην
353 1033 382 1110 ἐξ
403 1031 638 1114 ἀποτελέσματος
667 1033 791 1110 ἔδειξεν
822 1036 849 1096 εί
876 1025 963 1097 δὲ·
934 1057 987 1095 τον
1011 1035 1118 1096 διαλει-

149 1120 268 1198 φθέντα
286 1111 441 1182 Οῦοὶλεντα
456 1122 634 1219 καρτερῆσαι
649 1117 705 1198 μὲν
722 1119 784 1195 ἔτος
799 1107 1120 1196 τεσσαρεσκαιδέκατον
1235 1179 1241 1190 ,

150 1206 234 1267 εἴποι
262 1228 321 1283 τις,
331 1200 437 1304 χάριν
467 1199 541 1267 δὲ
528 1227 606 1284 ιμως
633 1207 686 1264 τοῦ
714 1198 820 1305 καιρόν
848 1205 986 1284 ἐφευρεῖν
1012 1200 1118 1309 ἀγαθοί

86 1335 88 1340 -
149 1312 220 1351 τινα
242 1291 305 1392 τῇ
299 1283 384 1351 πόλει
402 1284 568 1392 μηνῦοντα,
593 1285 745 1366 δεξόμεθα
767 1282 824 1368 την
838 1285 1042 1370 παραγραφὴν
1064 1281 1118 1349 αῦ-

152 1376 218 1450 τοῦ,
240 1366 305 1434 ἀλλ’
331 1371 427 1448 εῦθυς
441 1395 646 1474 απορησφμεν,
669 1367 747 1434 οῦτα
763 1375 906 1475 λέγοντες,
930 1377 960 1435 τί
973 1374 1044 1448 δέοι,
1067 1371 1119 1434 καί

150 1450 429 1562 ἀπερισκέπτως
395 1483 431 1520 τα
453 1461 506 1561 τῆς
527 1453 640 1530 πόλεως
663 1456 837 1561 κατεβληθη
853 1459 989 1536 θεμέλια,
1012 1481 1068 1520 ουκ
1079 1480 1119 1518 αν

150 1539 229 1605 οότω
249 1539 285 1606 τδι
312 1567 367 1604 κατ
405 1535 501 1622 αὐτὴν
524 1543 601 1623 ἔχειν
629 1540 786 1621 ἐμελλεν’
769 1564 850 1650 οπως
871 1537 931 1640 ἄρα
958 1541 1010 1603 καί
1031 1536 1119 1621 σήμε-

151 1652 205 1708 ρον
233 1627 301 1708 ἔχει.
344 1631 578 1707 παρακαλοῦμεν
607 1623 649 1707 μὴ
672 1624 803 1726 ἔστης’
785 1631 865 1729 ημρλς
892 1623 1042 1727 ἀμηχανία
1069 1625 1120 1688 καί

151 1712 202 1775 καί
225 1713 293 1794 περὶ
315 1709 422 1775 τοῦτου
443 1714 660 1813 κυμαίνεσθαι·
682 1704 765 1773 εἰ
729 1736 786 1794 γαρ
807 1707 886 1775 οῦτω
903 1705 978 1773 κατδι
994 1705 1049 1790 τὴν
1064 1708 1119 1772 πό-

152 1804 201 1860 λιν
224 1798 312 1897 ἔχειν
325 1797 442 1903 ἔμελλε,
469 1796 520 1858 καί
542 1793 640 1877 μότην
667 1795 780 1872 ἐκεῖνος
806 1805 950 1860 τοσοῦτον
972 1793 1121 1875 ἐκαρτέρει

151 1875 268 1983 καιρόν,
291 1873 382 1962 ἢοῦχ
404 1880 510 1956 οὕτως.
540 1881 591 1944 καί
613 1884 643 1944 τί
662 1874 719 1962 χρὴ
740 1876 834 1944 πολλοὶ
850 1883 960 1964 λέγειυ;
983 1883 1122 1959 φαίνεται

151 1960 209 2048 γόρ
232 1959 420 2030 ἐντεῦθεν’
399 1991 439 2040 ως
462 1957 499 2029 οῦ
521 1966 832 2072 παρασημαντικοί
790 1991 887 2068 μονον
902 1990 914 2028 ε
917 1966 979 2030 ίσιν
993 1967 1026 2028 οί
1035 1963 1122 2029 ἀστέ-

152 2075 218 2152 ρες,
245 2043 320 2113 ἆλλδι
342 2050 392 2112 καί
414 2047 659 2152 ἀποτελεσμάτων
687 2047 756 2126 ἐξ’
738 2052 872 2133 ανόγιιης
898 2055 1063 2152 ποιητικοί·
1097 2051 1125 2113 εί

152 2131 210 2240 χόρ
231 2140 319 2198 τοῦτο
333 2125 388 2214 ἦν,
418 2134 476 2198 οῦκ
497 2127 537 2198 511
558 2141 612 2200 τοῦ
640 2138 773 2236 τεχνίτου
803 2137 919 2200 ἐκείνου
945 2130 979 2198 τό
1001 2132 1123 2236 γράμμα

153 2214 490 2302 όπεραπολογουμενον,
517 2219 567 2283 διό
588 2245 621 2303 γε
643 2214 716 2282 καθ’
743 2218 871 2321 ἐκόστην
892 2216 1123 2323 ολπροσδρκητως

153 2331 191 2410 τη
178 2303 288 2368 πόλει
302 2307 518 2384 συμπίπτοντα,
542 2299 681 2407 σεισμοῦς
697 2298 827 2383 δηλαδὴ,
849 2300 1063 2406 ἐμπρησμοῦς,
1072 2303 1124 2366 καί

153 2387 209 2454 ὅσοι
224 2394 347 2453 τοιαῦτα
361 2415 438 2452 κατα
424 2385 546 2465 λέξιν·
569 2383 678 2453 οῦτωσί
693 2386 898 2470 διηγόρευσεν·
922 2383 959 2449 οῦ
973 2383 1030 2470 γὰρ
1045 2381 1121 2466 555-

154 2499 226 2538 υατο
254 2469 290 2537 τόι
324 2473 422 2538 πάντα
450 2476 539 2554 μείζω
566 2498 596 2536 τε
624 2473 676 2535 καλ
707 2472 843 2556 ἐλάχιστα
874 2476 1122 2575 συμπεριλαβειν·

155 2560 270 2633 ἐκεῖνος
294 2560 411 2639 ἔφθασε
433 2561 523 2638 μείζω
543 2582 574 2621 τε
595 2583 646 2621 και
636 2557 811 2660 ἐλάχιστα·
835 2553 939 2620 καί’
903 2552 991 2632 αυτὸς
1006 2556 1038 2620 τδ
1055 2558 1124 2636 περι

153 2649 231 2708 θεοῦ
255 2645 375 2726 λέγωνξ
392 2639 619 2745 Δαβιδικόν
589 2640 667 2744 ρῦτω
689 2637 798 2726 ῥητόν,
828 2641 863 2706 Ὁ
885 2643 972 2722 ἐπιβλ
957 2639 1053 2706 λέπων
1075 2643 1124 2705 ἐπί

154 2724 211 2808 τὴν
231 2733 306 2812 γῆν,
333 2729 386 2791 καί
407 2733 503 2792 ποιῶν
524 2722 621 2807 αὐτην
642 2729 775 2834 τρέμειν,
803 2729 919 2835 έμεινεν
940 2719 1008 2804 ἐξ’
990 2723 1125 2826 ανόγκης

152 2812 323 2923 ἄπρακτος,
347 2811 413 2891 ἐξ’
397 2811 536 2917 αγόγκης
552 2809 754 2891 ἐνταυθοῐ,“
734 2837 785 2876 ατε
807 2839 858 2876 και
879 2811 973 2878 αῦτδν
994 2804 1118 2892 ἀποτρε-

154 2901 270 2980 πουσης
292 2893 345 2961 τόν
366 2897 477 2962 κλόνον
498 2901 552 2976 της
573 2902 645 3001 γῆς,
671 2895 818 3006 ρλκριβοῦς
846 2901 898 2961 τοῦ
920 2895 1119 2976 ἐπιστήμονος

154 2986 298 3058 σκέψεως.
334 2979 428 3058 δι’λλως
450 3007 480 3047 τε
501 2983 530 3046 εἰ
548 2978 625 3046 κατὰ
651 2981 708 3064 τὴν
732 2985 940 3088 συμπεσοῦσαν
966 2980 1048 3061 οόραν
1070 2981 1119 3045 ἐπὶ

155 3073 190 3157 τῇ
212 3071 364 3154 καταβολῇ
385 3092 453 3132 των
467 3071 620 3172 θεμελίων
636 3071 689 3147 τῆς
712 3067 835 3144 πόλεως,
859 3063 932 3143 αόξα
935 3071 991 3130 ίνει
1013 3090 1043 3130 τε
1066 3061 1121 3146 τὴν

153 3159 254 3218 πίστιν
264 3134 441 3254 ἐπάναγκες
461 3147 620 3259 αὐτὴν
586 3176 642 3231 την
663 3150 752 3216 πόλιν
780 3155 929 3234 διαμεῖναι
951 3159 1013 3227 τοῖς
1035 3157 1121 3215 πολε-

153 3240 233 3340 μίοις
253 3232 448 3387 5525251015g
448 3261 486 3302 ου
472 3228 620 3317 Ημέν
582 3261 639 3334 ουν
657 3231 789 3318 χόρις..
831 3241 1051 3303 ,κατοικοῦσιν
1066 3231 1121 3299 αῦ·

153 3319 210 3402 τὴν
232 3319 448 3426 ιῦσεβοῦσινέ
448 3347 482 3386 πι
504 3321 647 3386 τοσοῦτον
669 3323 720 3384 καὶ
742 3333 779 3408 τῇ
802 3315 877 3385 κατδι
898 3317 1069 3424 Χριστδν’
1052 3318 1125 3426 αγοί-

153 3431 197 3495 πη
220 3409 414 3487 καθεκόστην
433 3405 652 3473 πλατόνονται·
674 3403 771 3509 μότην
786 3406 819 3470 δέ
833 3407 885 3470 και
900 3410 937 3492 τη
951 3404 1126 3514 παναροίμφ

153 3497 209 3556 τοῦ
230 3497 307 3556 θεοῦ
330 3494 437 3576 Λόγου
458 3492 603 3577 μητρί
570 3517 624 3568 τας
650 3488 793 3570 ἐντεύξεις
814 3495 975 3572 ποιοῦμεν,
997 3489 1049 3551 καὶ
1070 3513 1127 3568 φο·
