2548 3850
165 193 207 258 32
510 194 791 249 nnnorurrouna

167 339 194 394 S.
219 336 304 393 Mauri
326 353 383 410 cap.
409 335 449 394 10
471 321 584 392 historia
608 335 731 392 translat.
755 334 782 390 S.
798 333 947 391 Sebastiani
972 353 999 392 n.
1019 334 1058 392 18
1080 336 1134 392 vita

167 424 194 480 S.
223 420 389 496 Aldegundis
417 437 441 476 c.
471 419 489 476 5
519 427 570 476 etc.
622 419 669 475 Est
697 420 777 476 etiam
805 421 904 491 doma,
933 427 1052 490 tectum,
1091 424 1135 478 cel
1245 439 1250 446 ·

167 511 274 565 atrium
292 508 370 579 quod
387 523 446 562 non
472 509 591 578 iegitur,
620 505 727 577 Papiae.
771 503 860 560 Gloss.
885 504 931 560 Gr.
956 503 1014 567 bat.
1039 499 1137 580 δῶμα,

167 598 281 650 tectum.
326 593 415 663 Atque
438 590 486 645 hac
509 591 623 646 notione
645 591 673 645 in
689 587 871 645 Orientalibus
887 590 1034 663 provinciis
1057 606 1137 645 usur·

167 677 225 751 pari
247 675 373 732 observat
395 690 450 730 non
473 673 556 730 semel
579 673 607 730 S.
632 673 824 746 Hieronymus,
844 675 873 729 in
897 673 996 748 quibus
1019 675 1137 731 domato

166 760 295 816 dicuntur
317 775 392 833 quoe
413 751 523 815 Romae
545 761 655 814 solorio
678 761 723 816 vel
744 763 896 816 maeniana
912 765 1026 828 vocant,
1049 761 1079 815 td
1093 765 1137 816 cst

168 849 259 917 plano
280 851 356 900 tecto
378 859 454 917 quac
475 847 649 900 transversis
672 845 802 900 trabibus
822 851 1034 901 sustentantur.
1080 843 1138 899 lloc

168 946 234 986 vero
256 929 375 984 Zonarae
397 927 458 984 loco
483 919 602 1002 δώματα
624 945 674 1002 pro
697 929 765 1001 ipsis
787 928 896 984 aedibus
919 929 1029 1002 privatis
1052 928 1136 1000 accipi

168 1012 268 1070 debere
290 1013 458 1069 censuerim:
483 1018 559 1069 iectu
582 1014 663 1068 vertit
687 1015 830 1086 interpres.

234 1096 305 1167 184,
329 1096 378 1152 24.
408 1087 425 1151 ὁ
450 1092 616 1168 Παμφίλου
633 1086 789 1174 Εὐσέβιος]
815 1097 850 1152 lle
865 1096 992 1169 Eusebio,
1016 1103 1044 1154 et
1065 1097 1137 1152 illins

170 1183 337 1252 brianismo,
364 1193 472 1254 praeter
494 1182 684 1255 Theophanem
711 1191 739 1238 et
761 1181 867 1255 aliquot
894 1199 909 1237 e
931 1180 1138 1253 vetustioribus,

170 1275 257 1341 agunt
284 1267 311 1322 in
339 1267 432 1340 primis
460 1267 607 1338 baronius,
636 1265 758 1340 Scaliger
786 1266 818 1322 ad
847 1265 955 1322 Eusebii
983 1267 1138 1322 chronicon

170 1369 198 1425 p.
214 1349 275 1407 431
300 1349 411 1406 lacobus
433 1348 619 1407 Gothoiredus
642 1351 673 1406 ao
690 1351 903 1424 Philostorginm
927 1351 972 1408 lib.
991 1353 1007 1408 1
1033 1367 1091 1424 cap.
1109 1349 1140 1407 2.

172 1435 303 1491 henricus
333 1434 455 1490 Valesius
489 1435 611 1495 eiusdem
639 1434 745 1490 Eusebii
775 1435 908 1492 Historiae
937 1435 1141 1492 Ecclesiasticae

172 1519 272 1592 editor,
295 1519 399 1576 etalii.
444 1518 517 1587 Quae
539 1536 623 1594 porro
646 1528 677 1576 ut
698 1519 725 1575 id
748 1519 844 1593 probet
866 1520 982 1577 Zonaras
1005 1521 1084 1576 allert
1107 1536 1141 1574 ex

171 1603 268 1660 eodem
290 1603 421 1678 Eusebio,
445 1605 588 1680 desumpta
610 1612 676 1675 sunt
697 1621 728 1660 es
752 1604 799 1660 lib.
826 1605 841 1660 1
866 1621 922 1678 cap.
950 1608 982 1676 1,
1005 1606 1051 1661 ubi
1073 1599 1138 1658 deu-

173 1684 331 1763 τερεύοντα
353 1689 441 1744 θείου
465 1681 553 1764 λόγον
576 1691 656 1745 etiam
679 1688 760 1744 scribi
781 1691 810 1745 in
830 1689 986 1745 melioribus
1002 1688 1141 1746 codicibus

172 1773 301 1828 observat
324 1771 461 1845 Valesius,
485 1773 530 1830 nbi
553 1775 598 1830 alii
621 1770 706 1842 θεοῦ,
729 1774 772 1830 vel
795 1767 868 1830 θεὸν
891 1773 999 1830 habent.
1040 1773 1077 1828 Ex
1098 1773 1141 1830 his

174 1873 258 1931 porro
281 1855 388 1912 Eusebii
412 1857 499 1913 verbis
522 1875 577 1914 non
599 1857 689 1914 videre
713 1876 742 1914 se
765 1858 830 1932 quid
853 1859 1034 1930 reprehendat
1056 1857 1142 1914 Zcina-

174 1957 217 1996 ras
239 1940 334 1997 scribit
356 1941 426 1996 idem
445 1941 562 1998 Valesius
585 1941 618 1998 ad
641 1960 699 2016 cap.
717 1943 747 2014 3,
770 1959 825 2016 qno
849 1942 946 2016 probet
962 1944 1052 1999 Ariani
1072 1942 1141 2016 dog·

175 2025 253 2080 matis
276 2024 351 2080 illum
366 2033 530 2082 sectatorem
545 2027 640 2084 luisse.
674 2026 752 2083 llunc
766 2028 889 2100 consule,
912 2029 934 2082 si
950 2027 1034 2086 lubet.
1072 2026 1144 2082 Pho·

174 2110 229 2166 tius
250 2108 335 2198 Epist,
361 2108 437 2166 144.
437 2100 646 2203 Εὐσέβιος’
631 2131 647 2169 o
671 2109 723 2166 του
746 2109 920 2184 Παμφίλου,
942 2107 1001 2167 εἴτε
1025 2107 1142 2180 δουλος,

175 2187 234 2248 εἴτε
257 2186 403 2265 συνηθης,
427 2184 472 2250 ότι
493 2189 548 2268 μὲν
568 2187 763 2275 Ἀρειαυισμῷ
787 2188 872 2258 ἕυλω,
895 2192 987 2267 βοωσι
1010 2190 1063 2268 μὲν
1085 2186 1140 2252 αὖ·

175 2275 227 2334 τοῦ
249 2267 285 2333 τὰ
306 2275 334 2372 β
338 2275 420 2354 βλιά,
444 2290 495 2338 etc.
542 2280 675 2372 Georgius
699 2281 900 2338 hamartolus
893 2297 920 2338 m
936 2283 1068 2374 Chronico
1090 2298 1142 2338 ms.

175 2357 242 2439 περὶ
265 2365 317 2421 του
336 2363 498 2437 Παμφίλου
521 2353 719 2467 Εὐσεβίου,
704 2383 751 2422 οτι
772 2359 805 2420 ἐν
828 2365 946 2434 πολλοῖς
961 2381 1056 2423 curav
1072 2379 1143 2440 cuy-

174 2442 345 2524 γράμμασιν
362 2446 510 2505 δείκνυται
531 2439 682 2523 Ἀρειανός
696 2442 829 2526 γνήσιος,
852 2469 877 2508 ει
872 2444 924 2506 ’δὲ
940 2446 991 2505 καί
1014 2445 1080 2505 ἕιιαι
1083 2451 1144 2507 νεῖ-

175 2551 223 2588 ται
245 2526 327 2608 παρά
353 2552 443 2590 τινων
471 2528 720 2608 ἒκιιλησιασιικώυ
748 2526 915 2604 ἀνδρῶν’
895 2554 934 2601 ως
943 2524 1143 2629 πολυμαθὴς

176 2611 227 2673 καί
250 2617 427 2691 πολυίστωρ,
451 2609 590 2688 καθαπερ
605 2616 655 2676 καί
676 2613 848 2696 Ὠριγέυης,
872 2639 922 2676 και
915 2607 1020 2676 αλλοι
1038 2614 1143 2677 πολλοί

174 2699 235 2758 τῶν
258 2697 312 2772 ἔξω
333 2700 385 2775 τῆς
407 2699 563 2778 ἐκκλησίας
583 2693 688 2764 ὄντων.
1012 2729 1019 2738 ·

242 2786 313 2860 187,
338 2789 367 2846 6
398 2785 440 2845 λἰι
464 2785 557 2855 ζῶντα
580 2779 693 2868 edoni]
717 2789 798 2847 Solus
820 2790 935 2846 Zonaras
954 2789 1143 2847 Constantium

177 2871 326 2944 Gaesarem,
350 2876 396 2946 qui
419 2883 484 2932 tunc
505 2884 563 2931 erat
579 2877 747 2946 Antiochiae,
771 2877 876 2932 virente
897 2876 984 2932 adhuc
1006 2885 1083 2950 patre
1098 2893 1143 2931 su-

176 2958 332 3031 pervenisse
354 2959 465 3033 scribit,
493 2975 582 3032 eoque
606 2969 713 3016 mortuo
736 2960 819 3016 lucus
845 2959 1066 3035 magnificentias
1053 2977 1144 3016 imum

176 3041 297 3112 duxisse,
322 3050 351 3098 ut
373 3043 498 3102 observat
519 3043 650 3102 llrnricus
674 3045 794 3101 Valesius
816 3045 849 3100 ad
864 3045 911 3102 lib.
927 3044 956 3102 4.
988 3044 1095 3102 Eusebii
1109 3044 1143 3101 de

175 3130 229 3186 vita
252 3125 421 3185 Constantini
441 3147 502 3232 cap.
527 3131 577 3192 70.

244 3211 313 3283 188,
339 3214 368 3270 5.
399 3209 448 3269 καί
465 3207 482 3273 ὁ
500 3208 555 3288 μὲν
569 3229 650 3287 spico
644 3206 749 3292 λβιος]
772 3213 872 3270 Scribit
888 3213 1030 3271 Valesius
1024 3231 1051 3270 m
1067 3213 1144 3270 Notis

176 3298 208 3356 ad
232 3297 277 3354 lib.
303 3297 351 3355 16.
375 3295 560 3374 Marcellini,
552 3317 580 3356 m
603 3299 770 3358 Constantini
793 3297 910 3356 liliorum
927 3300 1037 3355 historia
1060 3299 1143 3354 solito

174 3383 378 3459 diligentiorem
401 3383 485 3441 inisse
507 3384 652 3443 Zonaram:
675 3383 749 3459 qnod
772 3385 822 3440 viri
843 3384 992 3442 doctissimi
1015 3383 1144 3440 iudicium

177 3468 220 3525 bic
242 3467 433 3544 apponendum
455 3469 528 3526 duni.
