2550 3854
470 212 519 262 ιο
537 211 621 265 von.
639 213 687 264 ιν
1008 213 1072 276 16η

102 341 273 445 666616
295 348 348 406 fine
371 366 434 406 vero
459 351 525 406 haec
546 349 714 406 subduntur:
738 340 825 404 έν
792 369 838 419 οις
860 345 912 408 καί
934 347 988 425 μία
1008 349 1069 408 666

104 425 220 490 πόλεων
241 424 445 528 ὀνομαζομένη
463 424 625 507 ’Ῑεράπολις
646 425 792 509 εὑρέθη”
774 448 883 509 εγονσα
904 427 957 492 τόν
977 425 1069 492 πολό·

103 535 189 591 τιμον
210 505 300 620 όλκβν
322 517 375 574 τοῦ
398 515 498 618 6666
526 512 577 575 καί
605 514 693 576 θείου
719 515 857 614 αἳματος
869 514 921 576 καί
924 511 1067 622 ι’ίδγτος,

103 597 171 676 περί
192 589 232 662 66
252 591 326 702 6666
347 594 438 658 καί
419 600 592 677 ηπαροῠσα
613 593 763 679 διήγησις·
787 591 861 660 άλλά
882 597 933 660 καί
953 593 1068 679 ὁάγιός
1184 663 1189 668 .

103 681 232 783 κέραμος
253 678 326 743 δ
294 705 350 760 την
370 675 598 760 ιἰφομοίιοσιν”
580 705 655 760 εχων
676 685 729 744 τοῦ
752 682 895 758 δεσπότου
917 681 968 744 καί
991 684 1098 748 6606
1087 715 1113 774 6

102 759 211 865 6666,
234 765 285 828 καί
314 764 398 846 ετερα
426 771 548 828 πλεῖστα
574 770 634 828 τῶν
637 760 758 866 άγίοιν
779 771 918 866 λείψγινα.
961 770 1069 830 τοῦτον

102 844 233 914 οὖντὸν
261 850 419 932 θησανρὸν
440 843 645 954 666666666‘
628 875 702 932 ημιν
723 849 740 914 6
763 848 910 950 δεσπότης
926 850 1068 931 Νικηφό-

103 958 171 1034 ρος,
198 927 371 1041 666666666
398 934 447 998 ἐπί
476 931 533 1013 666
560 932 889 999 Κωνσταντινοόπολιν
915 935 972 1044 666
994 938 1069 999 666-

102 1017 221 1093 παύσας
242 1013 336 1119 αὐτόν
364 1019 397 1082 έν
418 1043 460 1104 66
448 1017 690 1118 ίαματοβρότῳ
718 1023 803 1104 σηκῷ
833 1024 884 1101 τῆς
906 1018 1068 1100 ὖπεραγίας

105 1100 307 1203 δεσποίνης
289 1107 376 1183 ημῶν
402 1081 548 1168 θεοτόκου
571 1109 613 1189 τῷ
636 1090 677 1167 έν
690 1083 887 1186 Βλαχέρναις,
916 1106 1069 1185 ἐπέχοντος

102 1192 155 1250 τοῦ
175 1179 361 1290 Ἰανουαρίον
381 1183 476 1268 μηνός
504 1188 551 1252 κδ’
578 1167 610 1251 ἐν
631 1195 674 1290 66
709 1214 765 1264 ςο
785 1213 838 1252 οε
866 1187 976 1274 χρόνῳ,
1006 1185 1069 1264 είτοι

102 1272 223 1336 ἐκεῖθεν
244 1268 336 1336 πάλιν
357 1267 603 1374 μετεκομίσθηε
586 1265 645 1336 υπὸ
672 1277 731 1336 τῶν
758 1271 885 1354 μεγάλης
913 1253 1068 1356 ἐκκλησίας

102 1356 239 1458 λογάδων
261 1357 312 1458 666
342 1361 493 1439 κληρικῶν
515 1350 650 1438 εόλαβῶν
679 1360 995 1468 λαμπαδηφοροόντοον
1017 1360 1067 1458 καί

101 1434 292 1527 άδόντοιν
262 1466 295 1504 το
316 1445 466 1523 χρησίμως
487 1445 538 1507 καί
559 1445 659 1516 καλῶς
680 1432 833 1524 άρμοσθὲν
855 1444 936 1506 τουτί
958 1441 1067 1523 τροπά·

102 1550 195 1630 ριον,
222 1525 377 1626 θεορρότῳ
407 1528 510 1606 αἵματι
537 1527 719 1634 666666666,
748 1525 875 1588 δέσποτα
902 1524 1001 1607 κύριε,
1035 1527 1068 1589 ἐκ

100 1616 157 1691 σῆς
178 1605 328 1716 βγράντογ
350 1615 479 1692 πλευροῖς
501 1612 551 1674 καί
575 1613 736 1712 ζμοποιοῦ,
762 1613 856 1673 θυσία
876 1611 931 1690 μέν
953 1612 1067 1674 πέπαν-

101 1722 150 1759 ται
171 1693 192 1776 6
216 1693 335 1776 δολιχὴ,
362 1699 442 1758 πάσα
464 1693 537 1804 66‘
518 1721 536 1774 η
561 1698 600 1796 γη
623 1715 668 1757 σοι
696 1698 822 1772 τῆςν
771 1697 806 1757 αί
803 1693 966 1770 νέσεοις
931 1719 988 1775 την
1009 1703 1067 1758 θα·

101 1785 170 1843 σίαν
191 1775 397 1880 άναιγέρομεν·
431 1780 482 1842 καὶ
511 1778 617 1844 λοιπὸν
645 1773 718 1842 άπετ
719 1781 833 1860 έθησοιν
860 1783 900 1866 τῷ
922 1783 986 1866 ναῷ
1008 1783 1069 1843 τῶν

100 1865 198 1948 άγίοον
228 1861 348 1928 πάντων
374 1866 415 1940 είς
435 1861 560 1944 μνήμην
581 1859 721 1943 άληστον,
743 1866 785 1940 είς
807 1843 907 1942 δόξαν,
930 1868 971 1940 είς
987 1865 1069 1927 έπαι-

101 1975 156 2013 νον
178 1955 233 2013 τοὺ
264 1947 592 2029 έπιθησαορίσανιος
574 1956 649 2029 ημῖν
670 1953 759 2012 τοῦτο
782 1947 1015 2030 Νικηφόρον”
991 1957 1067 2013 ανα-

103 2059 181 2111 κτος.
226 2041 271 2098 Sic
292 2058 377 2116 μοονο
399 2043 481 2098 istius
509 2043 632 2098 inventae
658 2043 784 2116 imaginis
813 2042 953 2098 historiam
976 2048 1069 2098 narrat

102 2126 157 2185 Leo
180 2127 313 2182 Diaconus
336 2125 381 2180 iib.
406 2127 446 2188 10
468 2109 537 2223 βίοι.
562 2142 612 2185 ms.
635 2115 816 2181 66666666'
783 2115 917 2220 απάρας
940 2119 969 2194 ές
995 2123 1070 2184 Φοι-

102 2209 194 2284 νίκην
214 2199 345 2282 κάτεισι,
368 2202 477 2266 καῖ’
440 2228 493 2276 τας
514 2227 544 2266 τε
567 2206 737 2311 Βαλανογίας
759 2196 792 2265 τό
811 2199 960 2304 φρούριον
981 2204 1069 2281 αἱρεῖ,

101 2290 153 2352 καί
176 2287 234 2368 τὴν
256 2283 396 2390 Βήρυτον
417 2295 586 2388 πολιορκεῖ,
614 2281 689 2347 έν
667 2314 687 2371 η
711 2287 763 2349 καί
784 2281 841 2364 666
862 2290 915 2352 τοῦ
937 2290 1070 2391 σωτῆρος

101 2373 134 2435 έν
156 2369 252 2436 εἰκόνι
274 2367 443 2472 σταόρονσιν
464 2367 613 2475 εὑρηκώς,
641 2371 692 2433 καί
714 2370 826 2472 ταύτην
847 2365 1005 2434 ἐκεῖθεν’
988 2393 1068 2434 6666-
1261 2407 1267 2452 i

101 2457 221 2540 ληφοος,
251 2455 284 2520 έν
304 2481 346 2542 66
377 2459 430 2519 τοῦ
457 2462 588 2539 σωτῆρος
614 2460 686 2540 νεῷ,
715 2449 753 2564 66
780 2455 813 2518 έκ
821 2453 968 2558 βάθρον
996 2454 1068 2517 έδεί-
1266 2461 1267 2467 ’

101 2567 194 2624 ματο,
225 2517 439 2621 παρεκπέμπει.
485 2541 596 2622 λέγεται
624 2517 660 2603 δέ
677 2540 745 2620 περὶ
773 2539 881 2619 ταύτης
907 2543 961 2617 τῆς
982 2541 1069 2646 θεῖος

102 2628 220 2730 είκόγος
250 2623 377 2700 ἐξαίσιόν
404 2649 432 2688 τι
455 2625 678 2730 συμβεβηκέναι
686 2626 874 2726 τεράστιογ·
906 2622 979 2703 φασί
1011 2625 1069 2706 γάρ

102 2709 179 2775 κατά
205 2734 274 2773 τινα
302 2710 400 2772 ἑστίαν
431 2716 484 2788 τῆς
511 2710 652 2812 Βηρότον
683 2704 780 2818 66666
813 2704 849 2770 τά
879 2712 1069 2786 Χριστιανῶν

101 2793 311 2897 πρεσβεύοντα
330 2802 498 2873 παροικεῖν,
520 2787 624 2856 καθ’
613 2792 652 2874 66
667 2794 718 2858 καί
732 2789 788 2875 τὴν
803 2796 951 2895 ῥηθεῖσαν
966 2791 1069 2858 εἰκόνα

101 2879 268 2962 σεβόμενον
295 2874 481 2941 ἀναθέσθαι·
510 2876 625 2980 χρόνον
646 2877 728 2942 δέ”
709 2898 833 2985 οστερον
860 2871 932 2940 καθ’
966 2877 1070 2958 ἑτέραν

102 2965 206 3028 ἑστίαν
225 2969 465 3045 μεταναστεῦσαι,
481 2965 532 3026 καί
555 2958 630 3026 6666
651 2966 742 3027 θείαν
762 2961 830 3026 τινδι
851 2961 997 3045 πρόνοιαν
1017 2963 1069 3043 λή-

101 3058 163 3130 θης
185 3048 400 3151 περισχεθέντα
421 3046 496 3111 κατδι
518 3041 574 3127 τὴν
594 3049 742 3149 προτέραν
768 3049 869 3113 οἰκίαν
872 3049 1069 3150 παρειληφέ-

101 3159 153 3234 666
175 3133 263 3211 τινδι,
293 3129 365 3196 6666
387 3134 438 3196 καί
460 3141 627 3196 κατοικεῖν·
658 3127 711 3196 τόν
733 3132 765 3195 δὲ
785 3136 844 3197 τῶν
867 3125 1070 3238 όμοθρήσκοιν

103 3212 200 3281 66666
221 3217 291 3282 τινά
313 3213 407 3293 είς
376 3243 431 3298 την
451 3217 611 3299 ὑστεραίαν
632 3214 874 3319 6666666666,
845 3215 898 3292 σός
920 3221 963 3302 τῷ
985 3214 1069 3318 6666

100 3299 354 3382 δπεισελθόντας,
376 3303 427 3365 καί
448 3305 526 3408 πρὸς
547 3296 714 3366 ένωπιοι
681 3326 736 3381 την
757 3306 811 3365 τοῦ
833 3279 964 3383 σωτῆρός
978 3279 1068 3364 στοά-

100 3404 197 3494 ρμσιγ
218 3384 485 3496 άνατεθριμμένην
505 3384 713 3470 άθρήσαντας,
740 3388 845 3462 δεινοῖς
866 3389 1069 3484 λοιδορεῖσθαι

100 3471 157 3536 τόν
175 3467 398 3550 '16666666‘66
413 3473 579 3537 ἔκσπονδον
600 3476 654 3553 τῆς
674 3491 762 3551 σφων
782 3474 945 3555 θρησκείας
967 3469 1018 3532 καί
1034 3459 1267 3704 66&

137 3589 264 3626 zomAs
282 3577 916 3627 v1.ll
1048 3581 1086 3849 λζ
