2548 3850
523 158 905 260 nnvou.111.⁰
1075 204 1117 270 53

151 343 275 418 lailoun
302 336 356 422 οὐχ
379 338 394 406 ὁ
417 335 624 445 οίυεαρξοίμενος
651 335 846 422 ἀναφέρεται,
874 335 938 402 ἄλλ’
963 333 978 402 ὅ
1001 337 1117 402 τελειοί-

152 448 217 502 σας
250 419 284 490 τὸ
317 426 478 528 πρότερον
489 425 536 503 δὲ,
567 419 606 500 ὡς
635 425 723 503 ἔοικε,
755 418 1002 505 ψευδωνυμος
981 449 1031 506 qv,
1065 422 1118 488 καί

153 511 311 592 ἐχρώμεθα
333 515 369 593 τή
392 514 445 574 τοῦ
467 504 559 592 ὄλβου
581 513 763 620 προσηγορίᾳ
790 514 1053 614 κουφολογοῦντες.
1086 509 1117 587 ἐξ

153 593 193 700 qd
217 595 288 659 δὲ’
270 623 290 677 η
313 590 350 674 σὴ
373 599 514 677 χορηγί,α
542 596 593 660 καί
622 589 641 674 ἡ
665 594 703 674 σὴ
731 599 901 698 φιλοτιμία,
923 589 975 670 σας
987 618 1118 694 νυμφας

153 675 236 784 ἡμῖν
248 681 380 743 εἰσκαλεῖ
399 681 452 742 καί
471 681 634 782 είσοιιιίζει,
656 675 713 744 οὐκ
732 677 830 782 ὄλβιοι
851 675 956 760 μόνον,
978 671 1051 742 σἰλλα
1066 678 1116 740 καί

152 761 316 846 τρισόλβιοι
330 765 402 846 ἤδη.
433 771 483 828 Ubi
498 788 577 828 υεοον
598 759 650 828 τὸν
673 769 712 851 τῷ
736 759 858 845 ὀνόματι
880 768 935 828 τοῦ
958 770 1117 828 Κιονσταν-

152 856 255 928 πίνου,
283 857 415 931 templum
437 855 607 914 Constantini
628 859 737 914 nomine
759 857 904 930 donatum,
933 856 1116 930 Nymphaeum

154 943 261 1001 videtur
284 941 436 1016 appellare,
459 940 533 1014 quod
556 941 688 998 eiusmodi
710 933 827 1011 ὁδρεῖα,
850 957 900 998 aen
922 957 1053 1014 aquarum
1074 956 1117 996 re·

153 1026 304 1103 ceptaenla,
326 1025 457 1100 Nymphis
472 1025 569 1102 dicata,
591 1026 685 1100 templi
700 1028 783 1084 vicem
806 1025 985 1084 obtinuerint:
1007 1027 1036 1080 in
1050 1024 1116 1082 illud

152 1129 237 1187 porro
260 1126 343 1184 aquas
371 1109 556 1184 aquaeductus
580 1109 757 1168 Valentiniani
779 1111 922 1169 deductas:
952 1107 1021 1166 velle
1043 1108 1117 1184 quod

151 1199 229 1271 prius
253 1195 422 1252 Constantini
444 1195 661 1270 nuncupabatur,
684 1212 745 1252 oum
767 1195 900 1252 eiusmodi
922 1194 1075 1268 Nymphaea
1090 1195 1117 1249 in

153 1279 221 1336 urbe
248 1279 389 1353 complura
417 1280 440 1334 is
468 1278 661 1352 aedificaverit,
692 1297 760 1354 quae
787 1279 820 1336 ad
849 1287 967 1354 quatuor
993 1286 1118 1335 recenset

152 1374 230 1422 vetus
263 1363 338 1420 urbis
370 1363 535 1438 lleseriptio.
581 1364 610 1420 ld
637 1381 702 1421 sane
729 1365 829 1422 indicat
857 1364 1024 1421 'lhemistins
1053 1362 1116 1418 dum

152 1448 338 1524 aquaeductus
366 1447 484 1506 Valentis
512 1465 595 1523 aquas
618 1443 659 1518 είς
687 1441 740 1504 ἕνα
763 1445 858 1524 χώρου
887 1449 1048 1506 convenisse
1070 1449 1117 1519 ait,

151 1549 255 1608 easque
277 1527 448 1604 είσοιαίσαι,
478 1535 524 1607 qui
553 1532 660 1607 quidem
682 1537 765 1592 loeus
788 1534 830 1590 vel
851 1534 875 1590 si
897 1533 979 1588 mavis
1008 1534 1117 1604 domus,

151 1634 208 1674 non
230 1616 280 1673 alia
302 1625 359 1690 est,
387 1618 439 1674 nisi
467 1617 565 1689 lallor,
592 1634 607 1673 a
634 1617 801 1692 Nymphaeo.
845 1617 893 1672 Vir
923 1617 994 1674 enim
1022 1623 1118 1689 putem

151 1719 201 1776 per
227 1687 279 1756 τὸν
306 1695 383 1760 νειὸν
411 1697 641 1758 Κιουσιανιίνου
667 1702 762 1760 urbem
788 1700 1117 1774 Constantinopolitanam

150 1785 278 1860 intelligi.
323 1785 420 1842 Eadem
443 1804 527 1861 porro
550 1787 695 1844 verborum
716 1787 832 1844 lormula
854 1788 940 1842 utitur
961 1786 1032 1842 idem
1047 1784 1117 1840 'lbe-

151 1869 419 1936 mirtiusllrat.13,
443 1889 498 1946 quo
520 1873 582 1930 loeo
605 1872 744 1929 aValente
762 1871 901 1930 conditum
918 1869 1116 1967 aquaeductum

151 1954 288 2019 describit.
304 1956 381 2013 culus
397 1973 492 2053 aquae,
514 1958 613 2032 inquit,
634 1953 821 2029 θυραυλοῦσι
836 1943 1095 2052 περιμένουσαι
1064 1969 1117 2008 τον

73 2065 75 2069 ·
151 2029 368 2133 ἆρχηγὲιην,”
350 2057 431 2109 οπως
445 2059 484 2096 αν
500 2036 617 2099 ἐκείνου
631 2037 793 2112 ξενίζοντος
809 2028 895 2111 εἰς
865 2059 919 2100 εον
934 2033 1015 2098 νεὼν
1029 2037 1118 2136 σφῶν

151 2136 424 2196 ιιατασιιηνασααυ,
447 2114 524 2182 ἐν
496 2143 579 2205 praep
594 2119 679 2206 αυτῷ
694 2121 745 2184 καί
752 2115 922 2200 Ἥφαιστος
936 2114 1116 2201 συγχορεύει,

150 2200 242 2265 ααίε
226 2229 243 2268 ο
268 2198 380 2285 σωτὴρ,
402 2204 453 2270 καί
477 2200 496 2283 ἡ
520 2184 687 2269 Πανάκεια.

216 2292 348 2365 224,1.
378 2283 540 2372 Λιβανιος]
568 2293 641 2363 Quae
663 2297 707 2352 bie
729 2294 762 2351 de
784 2294 897 2350 Libanio
920 2302 948 2350 et
969 2292 1116 2350 Iamblicho

150 2386 243 2435 narrat
263 2377 391 2452 Zonaras,
413 2379 494 2437 babet
516 2381 597 2436 etiam
619 2377 774 2438 Cedreaus:
797 2378 844 2435 sed
865 2393 963 2434 vereor
983 2394 1018 2433 ne
1039 2392 1069 2432 ea
1085 2377 1117 2432 ad

149 2462 294 2520 Maximum
316 2462 471 2537 Sophistam
493 2464 589 2521 referri
611 2459 739 2522 debcant.
773 2462 872 2520 Scribit
893 2464 964 2518 enim
979 2461 1117 2534 Euuapius

149 2547 257 2620 aliquot
283 2565 316 2605 ea
338 2548 431 2604 aulicis
453 2550 668 2607 coniurationem
696 2549 789 2606 iniisse
816 2547 944 2604 adversus
967 2546 1115 2618 Valentem,

150 2647 185 2688 ex
207 2633 300 2688 neseio
324 2649 378 2706 qno
401 2635 544 2707 vaticinio,
573 2636 649 2692 cnins
677 2633 929 2707 interpretationem
958 2641 1118 2704 acceperant

148 2715 184 2772 ab
206 2716 302 2773 eodem
325 2717 448 2792 Maximo,
472 2721 562 2775 eiusce
585 2721 650 2776 artis
664 2720 841 2793 peritissimo,
865 2717 1020 2791 statimque,
1043 2715 1117 2788 qnod

151 2799 199 2856 ille
220 2801 402 2875 praedixeret,
425 2806 581 2860 coniuratos
604 2804 710 2860 detecta
734 2802 949 2876 conspiratione,
973 2799 1057 2857 morti
1072 2799 1117 2856 da·

151 2891 196 2940 tos
223 2885 254 2941 ab
276 2885 461 2964 Imperatore,
491 2889 632 2963 abreptum
662 2904 772 2963 quoqne
800 2885 959 2954 Maximum,
991 2895 1019 2941 et
1041 2885 1117 2942 Anti-

148 2970 266 3039 ochiam,
289 2971 335 3027 ubi
358 2978 416 3028 tum
439 2972 554 3048 degebat
576 2974 736 3048 imperator,
759 2973 963 3041 transmissum,
985 2970 1078 3042 ibique
1102 2987 1117 3026 a

148 3053 231 3110 Festo
254 3053 382 3112 Praeside
404 3057 572 3132 iugulatum,
599 3059 637 3114 ita
659 3065 690 3114 ut
711 3058 745 3116 ad
768 3057 872 3112 llarimi
901 3013 1009 3113 eaedem
1031 3056 1117 3150 perti·

147 3147 232 3195 noant
260 3155 330 3213 quae
357 3151 512 3214 sequnntur
538 3142 610 3217 apud
631 3141 779 3200 Zonaram:
810 3131 902 3212 ἐζήτει
932 3133 983 3196 καί
1007 3127 1117 3205 αὐτους

147 3238 217 3291 τους
239 3217 296 3296 τήν
318 3222 461 3318 μαντείαν
483 3219 676 3302 ποιήσαντας.
721 3226 787 3284 Vide
809 3227 979 3284 Ammiannm
1001 3225 1047 3282 lib.
1065 3224 1115 3281 29.

214 3306 287 3380 224,
311 3307 339 3365 2.
369 3295 666 3388 ἆλεκτορομαυτείαυ]
691 3311 788 3368 Eadem
810 3311 891 3368 babet
906 3310 1053 3370 Cedreuns
1084 3307 1116 3365 V

147 3391 285 3450 Valesium
317 3393 351 3449 ad
377 3397 547 3453 ammianum
580 3414 608 3470 p.
631 3396 693 3455 383
724 3404 752 3453 et
781 3395 897 3452 belrinm
925 3395 972 3452 lib.
996 3393 1016 3450 t
1045 3393 1115 3467 disq.

146 3479 248 3552 magio.
272 3487 378 3552 quaest.
403 3483 420 3540 7
443 3490 512 3540 sect.
535 3481 565 3540 3.
