2544 3852
175 223 236 288 198
515 185 796 296 Anuoturrouns

174 381 220 422 cos
244 363 353 420 fortiter
374 379 499 438 pugnans
521 361 639 418 interiit:
663 361 726 417 huic
749 378 818 418 uxor
840 361 892 417 11111
913 361 1000 434 Irene,
1025 363 1065 418 uti
1088 379 1141 420 no·

173 451 291 506 minatur
317 451 346 506 in
368 449 470 524 'typico
499 464 551 506 ms.
579 445 736 503 Monasterii
763 441 813 520 τῆς
836 439 1079 522 Κεχαρπωμίνης
1106 447 1141 504 ab

172 535 249 591 lrene
269 534 392 608 Augusta
414 542 442 590 et
463 532 537 590 iilius
559 540 645 588 matre
667 529 781 590 conditi.

238 617 310 688 249,
334 619 361 676 9.
392 611 425 674 τὸ
449 617 538 673 θεῖον
559 609 686 692 πέπλον]
710 615 749 670 ita
764 614 874 674 tradunt
889 615 1044 691 Synauaria,
1066 616 1141 674 Zoen

167 702 271 764 ¹Leonis
293 702 454 782 Philosophi
477 703 542 777 Imp.
565 717 689 774 uxorem,
713 716 772 756 oum
796 718 811 756 a
833 700 964 758 daemone
986 709 1141 774 vexaretur,

175 788 264 843 divino
288 789 418 844 monitam
442 787 570 859 oraculo,
598 787 622 841 si
650 801 725 842 sacra
752 785 879 860 Deiperae
901 803 984 858 zona,
1014 803 1084 860 quae
1112 787 1141 842 in

123 883 126 890 ’
177 871 397 946 Chatccpratiana
420 871 485 929 aede
507 869 703 932 asservabatur.
727 869 760 926 ad
783 887 840 926 cam
859 869 1011 944 afferretur,
1034 870 1094 926 icrc
1110 878 1142 926 ut

174 956 350 1014 liberaretur:
379 974 442 1014 mox
464 957 580 1030 Augusti
608 962 754 1029 praecepto
783 961 877 1030 aperta
899 972 994 1030 capsa,
1023 963 1050 1012 et
1073 971 1141 1012 zona

175 1059 189 1098 a
215 1041 389 1100 Patriarcba
398 1059 480 1116 supra
509 1043 648 1136 Augustae
676 1056 776 1114 corpus
804 1056 921 1115 expansa
955 1048 983 1096 et
1011 1040 1142 1115 explicata

175 1125 317 1201 pristinam
340 1129 482 1184 sanitatem
498 1126 643 1200 recepisse.
681 1123 756 1180 Idem
776 1124 876 1182 habent
897 1124 1007 1182 Menace
1030 1129 1059 1182 et
1073 1125 1140 1199 Syn·

175 1211 264 1267 araria
285 1211 318 1266 ad
341 1211 381 1268 31
405 1212 538 1286 Augusti,
562 1209 734 1284 adduntque,
758 1217 849 1284 aperta
871 1209 921 1266 hac
944 1210 1037 1282 theca,
1061 1225 1141 1283 quam

174 1288 266 1369 ἁγίαν
287 1281 377 1394 σορόν
398 1296 559 1372 appellatam
583 1295 667 1351 etiarn
685 1293 789 1368 dicunt,
812 1296 840 1350 in
856 1310 887 1350 ea
902 1311 997 1350 zonam
1012 1294 1141 1369 Deiparae

173 1369 553 1456 1ονοοίαο1σ1ίνσφραγί1ίι
576 1373 626 1435 ted
650 1376 791 1454 χροσίνης
818 1373 957 1474 βούλλης,
980 1371 1033 1434 καί
1055 1372 1141 1435 κωδί-

177 1463 281 1520 κελλον
305 1457 495 1562 ἐμφαίνοντα
512 1461 710 1541 λεπτομερῶς,
734 1458 784 1520 καί
808 1454 859 1520 νόν
882 1481 913 1520 se
935 1452 1053 1538 gedeon,
1083 1480 1140 1538 την

176 1544 361 1624 ι’νδικνιῶνα,
390 1539 495 1607 καί
464 1568 517 1625 νην
539 1542 654 1647 ἡμέραν
676 1539 751 1605 καθ’
775 1537 873 1624 divo
842 1541 873 1604 ἕν
896 1548 1141 1607 Κωνσναννννου-

175 1623 258 1690 πόλει
285 1628 552 1710 προσεκομίσθη
534 1655 556 1710 η
582 1623 652 1710 ἆμία
681 1625 777 1707 Ζώνη.
822 1633 960 1691 Eiusmodi
989 1651 1054 1691 vero
1082 1635 1141 1691 vela

177 1737 244 1794 quae
267 1719 299 1776 ad
322 1739 411 1779 sacras
433 1723 564 1796 imagines
587 1718 816 1818 appendebantur,
840 1718 966 1775 colebant
982 1719 1086 1789 Graeci,
1110 1728 1141 1775 ut

177 1821 210 1860 eu
232 1805 285 1864 hoe
307 1804 369 1863 icco
391 1814 482 1880 patet,
506 1813 533 1862 et
556 1823 588 1862 er
610 1805 752 1878 synarario
775 1822 825 1872 ms,
849 1803 895 1859 ubi
917 1811 1009 1860 narrat
1031 1804 1139 1860 Manne-

175 1888 229 1944 iem
252 1888 416 1946 Comnenum
439 1889 505 1964 imp.
530 1889 605 1946 exS.
622 1890 747 1944 Demetrii
768 1888 880 1962 Templo
897 1888 1141 1958 thessalonicensi,

176 1971 297 2029 eiusdem
319 1973 410 2030 Sancti
431 1967 464 2028 cd
489 1966 664 2048 παλαιγενὲς
685 1966 809 2042 πέπλον,
832 1966 883 2028 καί
904 1965 1142 2046 ἐπικείμενον
1105 1983 1141 2050 πη

175 2047 316 2152 πονόίβῳ
338 2051 388 2114 καί
411 2053 584 2153 κοσμρτήαῳ
604 2053 701 2153 σορρῑζ
724 2074 773 2156 gu
796 2051 880 2133 ἱερὰν
903 2052 1026 2132 σκέπην,
1049 2053 1141 2133 σοροῦ

128 2114 377 2218 ιηοπροκάίομμα
405 2148 461 2200 τοο
488 2161 632 2218 αηννηνου
660 2133 808 2218 μάρτυρος
837 2139 1028 2218 Δημητρίου,
1061 2150 1139 2200 vetus

177 2228 283 2286 scilicet
305 2229 393 2285 velum
417 2245 471 2305 quo
494 2229 692 2304 contegebatur
714 2227 741 2284 S
764 2227 892 2286 Demetrii
916 2227 1073 2300 Feretrum,
1096 2245 1141 2284 sc·

178 2313 252 2370 leani
259 2329 374 2406 'pompa
396 2316 533 2388 excepisse
557 2315 607 2371 sub
624 2332 667 2374 an
686 2312 768 2370 1164
783 2315 834 2369 et
827 2329 854 2370 111
870 2313 970 2370 Aedem
985 2330 1037 2370 νου
1026 2309 1140 2368 Hoc

176 2387 352 2473 τοκροίνορος
374 2416 396 2454 a
411 2399 489 2455 Patre
511 2399 609 2455 Ioanne
631 2397 776 2470 conditam,
798 2399 933 2470 intulisse,
957 2416 1027 2456 enno
1043 2398 1141 2455 Christi

179 2481 271 2540 1164.
294 2483 389 2540 iudict
415 2483 462 2540 13.
486 2482 611 2540 Octobris
634 2483 685 2540 23.
723 2481 788 2540 Rem
811 2483 935 2558 pluribus
958 2491 1050 2539 narrat
1070 2481 1142 2539 idem

177 2565 352 2640 Synaxarium
381 2567 413 2624 ad
443 2567 482 2625 26
506 2568 627 2624 eiusdem
655 2568 763 2624 mensis.
808 2567 874 2624 Vide
896 2567 1003 2625 Menaea
1028 2568 1065 2624 11
1088 2567 1142 2622 Au·

177 2653 261 2726 gusti,
285 2651 373 2710 Gloss.
398 2653 469 2710 med.
494 2651 609 2713 Graecit.
633 2646 793 2727 inHode'cc,
817 2662 844 2708 et
867 2659 988 2710 nostram
1011 2651 1142 2708 Constan-

175 2735 320 2810 tinopolim
342 2737 388 2798 lib.
411 2736 439 2798 4.
465 2755 491 2812 p
514 2737 564 2794 84.
588 2736 639 2795 85.

239 2819 393 2894 350,18.
428 2809 762 2900 occoypoppcrenoootv]
800 2821 937 2895 Interpres
971 2839 990 2876 a
1018 2823 1142 2878 notariis

176 2906 271 2962 vertit:
295 2905 384 2962 malim
407 2925 424 2963 ο
447 2911 633 2972 secretariis,
655 2925 717 2965 nam
740 2908 793 2964 etsi
815 2909 947 2964 notarius
970 2911 998 2963 et
1013 2911 1142 2963 secreta·

177 2992 239 3046 νὶαο
261 2989 332 3046 idem
361 2990 433 3048 iorte
455 2991 547 3049 haberi
575 2993 699 3066 possint,
727 2993 819 3049 tritior
848 3009 879 3049 ca
908 2998 1068 3064 tempestate
1089 2990 1142 3046 iuit

176 3090 228 3129 vox
251 3077 397 3149 posterior,
421 3077 485 3134 licet
500 3095 546 3152 qtu
539 3077 671 3152 linguae
686 3077 791 3151 puriori
808 3075 964 3148 studebant,
988 3075 1021 3132 ab
1037 3091 1066 3132 ea
1082 3072 1141 3130 abs·

175 3157 309 3226 timerent,
342 3177 372 3216 ac
395 3163 556 3219 secretarios
583 3155 770 3238 γραμματὲας
803 3169 831 3219 et
858 3149 1140 3236 ὑπογραμματεύον-

175 3260 229 3312 rog
249 3243 306 3301 iere
328 3261 434 3321 semper
457 3246 630 3322 appellarent
668 3247 836 3322 Nicephorus
859 3243 1121 3346 Ccpstantiuppclst
1113 3259 1140 3298 m

133 3333 135 3341 ⁴
176 3327 246 3388 Hist.
272 3317 424 3404 Ἀρτέμιον
453 3329 641 3390 Φιλιππικοῦ
668 3325 853 3408 γραμματέα·
881 3319 935 3398 οὓς
960 3335 997 3411 τῇ
1022 3321 1141 3385 Ἰταλῶν

175 3418 265 3494 φωνῇ
292 3413 416 3472 καλοοσι
444 3403 644 3510 Ἀσηκρῆνις
680 3417 801 3516 Igpatius
829 3416 937 3474 Diaccn.
964 3417 993 3473 in
1020 3412 1140 3470 eiusdem

175 3496 319 3574 Nicephori
342 3502 444 3558 vitan.
461 3499 481 3557 4
503 3488 644 3577 ίίαχε
609 3521 665 3578 γαρ
681 3489 775 3558 αονόν
797 3519 851 3576 νην
874 3504 929 3557 τοῦ
943 3475 1141 3575 ὑπομραφίως
