<?xml version="1.0" encoding="UTF-8"?>
<!DOCTYPE html PUBLIC "-//W3C//DTD XHTML 1.0 Transitional//EN"
    "http://www.w3.org/TR/xhtml1/DTD/xhtml1-transitional.dtd">
<html xmlns="http://www.w3.org/1999/xhtml" xml:lang="en" lang="en">
 <head>
  <title>
</title>
<meta http-equiv="Content-Type" content="text/html;charset=utf-8" />
  <meta name='ocr-system' content='tesseract 3.04.00' />
  <meta name='ocr-capabilities' content='ocr_page ocr_carea ocr_par ocr_line ocrx_word'/>
</head>
<body>
  <div class='ocr_page' id='page_1' title='image "./iannoutouznapae00canggoog_0490.png"; bbox 0 0 2550 3854; ppageno 0'>
   <div class='ocr_carea' id='block_1_1' title="bbox 220 200 843 268">
    <p class='ocr_par' dir='ltr' id='par_1_1' title="bbox 220 200 843 268">
     <span class='ocr_line' id='line_1_1' title="bbox 220 200 843 268; baseline -0.005 -15"><span class='ocrx_word' id='word_1_1' title='bbox 220 201 282 268; x_wconf 77' lang='lat'><strong>108</strong></span> <span class='ocrx_word' id='word_1_2' title='bbox 561 200 843 254; x_wconf 80' lang='lat' dir='ltr'><strong>annonnnronns</strong></span> 
     </span>
    </p>
   </div>
   <div class='ocr_carea' id='block_1_2' title="bbox 221 337 1268 3100">
    <p class='ocr_par' dir='ltr' id='par_1_2' title="bbox 222 337 1189 502">
     <span class='ocr_line' id='line_1_2' title="bbox 222 337 1189 415; baseline -0.003 -15"><span class='ocrx_word' id='word_1_3' title='bbox 222 352 305 402; x_wconf 89' lang='lat' dir='ltr'><strong>tatem</strong></span> <span class='ocrx_word' id='word_1_4' title='bbox 332 343 449 401; x_wconf 81' lang='lat' dir='ltr'><strong>obtinuit</strong></span> <span class='ocrx_word' id='word_1_5' title='bbox 480 341 531 398; x_wconf 91' lang='lat' dir='ltr'><strong>sub</strong></span> <span class='ocrx_word' id='word_1_6' title='bbox 558 341 734 414; x_wconf 86' lang='lat' dir='ltr'><strong>Constantio,</strong></span> <span class='ocrx_word' id='word_1_7' title='bbox 765 341 893 415; x_wconf 90' lang='lat' dir='ltr'><strong>illiusque</strong></span> <span class='ocrx_word' id='word_1_8' title='bbox 914 337 1071 397; x_wconf 83' lang='lat' dir='ltr'><strong>memoriam</strong></span> <span class='ocrx_word' id='word_1_9' title='bbox 1101 349 1189 414; x_wconf 85' lang='lat' dir='ltr'><strong>agunt</strong></span> 
     </span>
     <span class='ocr_line' id='line_1_3' title="bbox 222 425 676 502; baseline -0.009 -16"><span class='ocrx_word' id='word_1_10' title='bbox 222 429 263 486; x_wconf 93' lang='grc'><strong>20</strong></span> <span class='ocrx_word' id='word_1_11' title='bbox 285 430 356 502; x_wconf 81' lang='lat' dir='ltr'><strong>hug</strong></span> <span class='ocrx_word' id='word_1_12' title='bbox 382 436 413 482; x_wconf 93' lang='lat' dir='ltr'><strong>ut</strong></span> <span class='ocrx_word' id='word_1_13' title='bbox 435 436 478 484; x_wconf 91' lang='lat' dir='ltr'><strong>est</strong></span> <span class='ocrx_word' id='word_1_14' title='bbox 500 427 528 482; x_wconf 90' lang='lat' dir='ltr'><strong>in</strong></span> <span class='ocrx_word' id='word_1_15' title='bbox 550 425 676 482; x_wconf 88' lang='lat' dir='ltr'><strong>llenaeis.</strong></span> 
     </span>
    </p>

    <p class='ocr_par' dir='ltr' id='par_1_3' title="bbox 221 502 1187 755">
     <span class='ocr_line' id='line_1_4' title="bbox 286 502 1187 610; baseline -0.004 -42"><span class='ocrx_word' id='word_1_16' title='bbox 286 513 323 570; x_wconf 87' lang='lat' dir='ltr'><strong>lb.</strong></span> <span class='ocrx_word' id='word_1_17' title='bbox 346 502 561 610; x_wconf 53' lang='lat' dir='ltr'><strong>decembrone]</strong></span> <span class='ocrx_word' id='word_1_18' title='bbox 586 509 741 566; x_wconf 87' lang='lat' dir='ltr'><strong>Secesserat</strong></span> <span class='ocrx_word' id='word_1_19' title='bbox 762 525 859 583; x_wconf 81' lang='lat' dir='ltr'>nempe</span> <span class='ocrx_word' id='word_1_20' title='bbox 880 508 1009 565; x_wconf 87' lang='lat' dir='ltr'><strong>Paulns&#39;</strong></span> <span class='ocrx_word' id='word_1_21' title='bbox 1001 525 1030 564; x_wconf 89' lang='grc' dir='ltr'><strong>ιιι</strong></span> <span class='ocrx_word' id='word_1_22' title='bbox 1050 507 1187 565; x_wconf 87' lang='lat' dir='ltr'><strong>llonaste-</strong></span> 
     </span>
     <span class='ocr_line' id='line_1_5' title="bbox 221 583 1188 668; baseline -0.005 -15"><span class='ocrx_word' id='word_1_23' title='bbox 221 600 291 654; x_wconf 89' lang='lat' dir='ltr'><strong>rium</strong></span> <span class='ocrx_word' id='word_1_24' title='bbox 314 597 398 668; x_wconf 71' lang='lat' dir='ltr'><strong>Flesti,</strong></span> <span class='ocrx_word' id='word_1_25' title='bbox 421 613 496 668; x_wconf 76' lang='grc' dir='ltr'><em>προς</em></span> <span class='ocrx_word' id='word_1_26' title='bbox 518 612 573 667; x_wconf 93' lang='grc' dir='ltr'><strong>την</strong></span> <span class='ocrx_word' id='word_1_27' title='bbox 594 583 691 668; x_wconf 77' lang='grc' dir='ltr'><em>μονὴν</em></span> <span class='ocrx_word' id='word_1_28' title='bbox 711 593 771 649; x_wconf 81' lang='grc' dir='ltr'><em>τοῖιν</em></span> <span class='ocrx_word' id='word_1_29' title='bbox 789 584 935 668; x_wconf 75' lang='grc' dir='ltr'><strong>Φλώρου,</strong></span> <span class='ocrx_word' id='word_1_30' title='bbox 957 602 989 649; x_wconf 86' lang='lat' dir='ltr'><strong>nt</strong></span> <span class='ocrx_word' id='word_1_31' title='bbox 1003 595 1087 650; x_wconf 82' lang='lat' dir='ltr'><strong>estin</strong></span> <span class='ocrx_word' id='word_1_32' title='bbox 1103 592 1188 648; x_wconf 82' lang='lat' dir='ltr'><strong>Chro-</strong></span> 
     </span>
     <span class='ocr_line' id='line_1_6' title="bbox 223 639 676 755; baseline -0.009 -17"><span class='ocrx_word' id='word_1_33' title='bbox 223 684 286 738; x_wconf 89' lang='lat' dir='ltr'><strong>nico</strong></span> <span class='ocrx_word' id='word_1_34' title='bbox 309 699 361 738; x_wconf 89' lang='lat' dir='ltr'><strong>ms.</strong></span> <span class='ocrx_word' id='word_1_35' title='bbox 385 639 496 755; x_wconf 83' lang='lat' dir='ltr'>Georgii</span> <span class='ocrx_word' id='word_1_36' title='bbox 518 679 676 737; x_wconf 87' lang='lat' dir='ltr'><strong>Hamartoli.</strong></span> 
     </span>
    </p>

    <p class='ocr_par' dir='ltr' id='par_1_4' title="bbox 287 753 1187 860">
     <span class='ocr_line' id='line_1_7' title="bbox 287 753 1187 860; baseline -0.007 -37"><span class='ocrx_word' id='word_1_37' title='bbox 287 765 361 838; x_wconf 85' lang='grc'>360,</span> <span class='ocrx_word' id='word_1_38' title='bbox 376 766 408 824; x_wconf 91' lang='grc'><strong>4.</strong></span> <span class='ocrx_word' id='word_1_39' title='bbox 432 753 596 860; x_wconf 82' lang='grc' dir='ltr'><em>Τοράοιον]</em></span> <span class='ocrx_word' id='word_1_40' title='bbox 621 764 703 820; x_wconf 86' lang='lat' dir='ltr'><strong>Cuius</strong></span> <span class='ocrx_word' id='word_1_41' title='bbox 718 763 820 820; x_wconf 89' lang='lat' dir='ltr'><strong>lestnm</strong></span> <span class='ocrx_word' id='word_1_42' title='bbox 834 768 922 836; x_wconf 79' lang='lat' dir='ltr'><strong>agunt</strong></span> <span class='ocrx_word' id='word_1_43' title='bbox 937 761 1031 818; x_wconf 86' lang='lat' dir='ltr'><strong>Graeci</strong></span> <span class='ocrx_word' id='word_1_44' title='bbox 1049 759 1089 818; x_wconf 86' lang='grc'><strong>26</strong></span> <span class='ocrx_word' id='word_1_45' title='bbox 1105 759 1187 820; x_wconf 84' lang='lat' dir='ltr'><strong>Febr.</strong></span> 
     </span>
    </p>

    <p class='ocr_par' dir='ltr' id='par_1_5' title="bbox 221 836 1268 1254">
     <span class='ocr_line' id='line_1_8' title="bbox 286 836 1187 925; baseline -0.007 -17"><span class='ocrx_word' id='word_1_46' title='bbox 286 849 360 922; x_wconf 89' lang='grc'>360,</span> <span class='ocrx_word' id='word_1_47' title='bbox 383 850 431 908; x_wconf 90' lang='grc'><strong>19.</strong></span> <span class='ocrx_word' id='word_1_48' title='bbox 453 836 611 925; x_wconf 72' lang='grc' dir='ltr'><em>ἀρχιερέων</em></span> <span class='ocrx_word' id='word_1_49' title='bbox 611 842 626 925; x_wconf 88' lang='grc'>]</span> <span class='ocrx_word' id='word_1_50' title='bbox 650 847 811 904; x_wconf 89' lang='lat' dir='ltr'><strong>Sanctorum</strong></span> <span class='ocrx_word' id='word_1_51' title='bbox 832 847 940 902; x_wconf 84' lang='lat' dir='ltr'><strong>Petrum</strong></span> <span class='ocrx_word' id='word_1_52' title='bbox 964 847 1009 920; x_wconf 89' lang='lat' dir='ltr'><strong>qni</strong></span> <span class='ocrx_word' id='word_1_53' title='bbox 1032 846 1097 902; x_wconf 90' lang='lat' dir='ltr'><strong>hnic</strong></span> <span class='ocrx_word' id='word_1_54' title='bbox 1118 845 1187 920; x_wconf 83' lang='lat' dir='ltr'><strong>Syn·</strong></span> 
     </span>
     <span class='ocr_line' id='line_1_9' title="bbox 221 929 1185 991; baseline -0.004 0"><span class='ocrx_word' id='word_1_55' title='bbox 221 935 275 991; x_wconf 91' lang='lat' dir='ltr'><strong>odo</strong></span> <span class='ocrx_word' id='word_1_56' title='bbox 298 933 410 990; x_wconf 81' lang='lat' dir='ltr'><strong>adfuere</strong></span> <span class='ocrx_word' id='word_1_57' title='bbox 440 933 539 990; x_wconf 82' lang='lat' dir='ltr'><strong>festum</strong></span> <span class='ocrx_word' id='word_1_58' title='bbox 569 931 708 990; x_wconf 89' lang='lat' dir='ltr'><strong>celebrant</strong></span> <span class='ocrx_word' id='word_1_59' title='bbox 736 930 830 987; x_wconf 86' lang='lat' dir='ltr'><strong>Graeci</strong></span> <span class='ocrx_word' id='word_1_60' title='bbox 860 931 898 988; x_wconf 93' lang='lat'><strong>11</strong></span> <span class='ocrx_word' id='word_1_61' title='bbox 922 929 1032 988; x_wconf 78' lang='lat' dir='ltr'>Octobr.</span> <span class='ocrx_word' id='word_1_62' title='bbox 1062 929 1185 988; x_wconf 86' lang='lat' dir='ltr'><strong>llenaea·</strong></span> 
     </span>
     <span class='ocr_line' id='line_1_10' title="bbox 222 1002 1268 1097; baseline -0.004 -23"><span class='ocrx_word' id='word_1_63' title='bbox 222 1005 298 1074; x_wconf 77' lang='grc' dir='ltr'><em>κατὰ</em></span> <span class='ocrx_word' id='word_1_64' title='bbox 319 1008 374 1090; x_wconf 82' lang='grc' dir='ltr'><strong>τὴν</strong></span> <span class='ocrx_word' id='word_1_65' title='bbox 396 1009 561 1097; x_wconf 74' lang='grc' dir='ltr'><em>ἑνδεκάτην</em></span> <span class='ocrx_word' id='word_1_66' title='bbox 586 1012 640 1072; x_wconf 80' lang='grc' dir='ltr'><strong>τοῦ</strong></span> <span class='ocrx_word' id='word_1_67' title='bbox 666 1006 817 1090; x_wconf 81' lang='grc' dir='ltr'><strong><em>παρόντος</em></strong></span> <span class='ocrx_word' id='word_1_68' title='bbox 843 1002 951 1088; x_wconf 78' lang='grc' dir='ltr'><em>μηνὸς,</em></span> <span class='ocrx_word' id='word_1_69' title='bbox 980 1006 1104 1090; x_wconf 77' lang='grc' dir='ltr'><em>μνήμην</em></span> <span class='ocrx_word' id='word_1_70' title='bbox 1126 1008 1187 1071; x_wconf 82' lang='grc' dir='ltr'>ἒιτι-</span> <span class='ocrx_word' id='word_1_71' title='bbox 1266 1043 1268 1048; x_wconf 86' lang='grc'><em>·</em></span> 
     </span>
     <span class='ocr_line' id='line_1_11' title="bbox 223 1089 1268 1196; baseline -0.004 -39"><span class='ocrx_word' id='word_1_72' title='bbox 223 1098 365 1176; x_wconf 79' lang='grc' dir='ltr'><em>τελοῦμεν</em></span> <span class='ocrx_word' id='word_1_73' title='bbox 387 1099 447 1160; x_wconf 80' lang='grc' dir='ltr'><strong>τῶν</strong></span> <span class='ocrx_word' id='word_1_74' title='bbox 467 1089 580 1196; x_wconf 79' lang='grc' dir='ltr'><em>ωμίων</em></span> <span class='ocrx_word' id='word_1_75' title='bbox 582 1094 634 1156; x_wconf 72' lang='grc' dir='ltr'><strong>καὶ</strong></span> <span class='ocrx_word' id='word_1_76' title='bbox 655 1117 754 1174; x_wconf 80' lang='grc' dir='ltr'><em>μάκαρ</em></span> <span class='ocrx_word' id='word_1_77' title='bbox 756 1096 810 1156; x_wconf 83' lang='grc' dir='ltr'><strong>λων</strong></span> <span class='ocrx_word' id='word_1_78' title='bbox 832 1093 970 1176; x_wconf 77' lang='grc' dir='ltr'><em>ποτέρων</em></span> <span class='ocrx_word' id='word_1_79' title='bbox 991 1096 1051 1155; x_wconf 81' lang='grc' dir='ltr'><strong>τῶν</strong></span> <span class='ocrx_word' id='word_1_80' title='bbox 1073 1091 1106 1153; x_wconf 72' lang='grc' dir='ltr'><strong>ἐν</strong></span> <span class='ocrx_word' id='word_1_81' title='bbox 1128 1099 1185 1156; x_wconf 79' lang='grc' dir='ltr'><strong>Νι·</strong></span> <span class='ocrx_word' id='word_1_82' title='bbox 1266 1089 1268 1098; x_wconf 51' lang='lat'><em>‘</em></span> 
     </span>
     <span class='ocr_line' id='line_1_12' title="bbox 223 1173 820 1266; baseline -0.002 -25"><span class='ocrx_word' id='word_1_83' title='bbox 223 1184 296 1266; x_wconf 81' lang='grc' dir='ltr'><em>κωλμ</em></span> <span class='ocrx_word' id='word_1_84' title='bbox 318 1178 528 1244; x_wconf 79' lang='grc' dir='ltr'><em>συνελθόντων</em></span> <span class='ocrx_word' id='word_1_85' title='bbox 550 1173 583 1242; x_wconf 88' lang='grc' dir='ltr'><strong>τδ</strong></span> <span class='ocrx_word' id='word_1_86' title='bbox 605 1177 745 1254; x_wconf 76' lang='grc' dir='ltr'><em>δεύτερον</em></span> <span class='ocrx_word' id='word_1_87' title='bbox 767 1193 820 1242; x_wconf 92' lang='lat' dir='ltr'><strong>etc.</strong></span> 
     </span>
    </p>

    <p class='ocr_par' dir='ltr' id='par_1_6' title="bbox 279 1244 1188 1348">
     <span class='ocr_line' id='line_1_13' title="bbox 279 1244 1188 1348; baseline -0.001 -21.99"><span class='ocrx_word' id='word_1_88' title='bbox 279 1244 422 1348; x_wconf 61' lang='lat' dir='ltr'><strong>cuspite]</strong></span> <span class='ocrx_word' id='word_1_89' title='bbox 451 1271 518 1328; x_wconf 85' lang='lat' dir='ltr'>Vide</span> <span class='ocrx_word' id='word_1_90' title='bbox 542 1288 611 1346; x_wconf 86' lang='lat' dir='ltr'><strong>quae</strong></span> <span class='ocrx_word' id='word_1_91' title='bbox 639 1273 667 1327; x_wconf 92' lang='lat' dir='ltr'><strong>in</strong></span> <span class='ocrx_word' id='word_1_92' title='bbox 690 1271 759 1328; x_wconf 85' lang='lat' dir='ltr'><strong>hanc</strong></span> <span class='ocrx_word' id='word_1_93' title='bbox 786 1285 842 1325; x_wconf 92' lang='lat' dir='ltr'><strong>rem</strong></span> <span class='ocrx_word' id='word_1_94' title='bbox 867 1276 957 1324; x_wconf 83' lang='lat' dir='ltr'><strong>namet</strong></span> <span class='ocrx_word' id='word_1_95' title='bbox 980 1270 1150 1325; x_wconf 79' lang='lat' dir='ltr'><strong>Anastasius</strong></span> <span class='ocrx_word' id='word_1_96' title='bbox 1159 1272 1188 1325; x_wconf 94' lang='lat' dir='ltr'><strong>in</strong></span> 
     </span>
    </p>

    <p class='ocr_par' dir='ltr' id='par_1_7' title="bbox 224 1358 1268 2510">
     <span class='ocr_line' id='line_1_14' title="bbox 225 1358 358 1429; baseline 0.015 -19"><span class='ocrx_word' id='word_1_97' title='bbox 225 1358 358 1429; x_wconf 80' lang='lat' dir='ltr'><strong>hapeto.</strong></span> 
     </span>
     <span class='ocr_line' id='line_1_15' title="bbox 249 1373 1187 1516; baseline -0.004 -18"><span class='ocrx_word' id='word_1_98' title='bbox 249 1373 366 1515; x_wconf 78' lang='lat' dir='ltr'><strong>g362,</strong></span> <span class='ocrx_word' id='word_1_99' title='bbox 391 1440 440 1497; x_wconf 89' lang='lat'><strong>18.</strong></span> <span class='ocrx_word' id='word_1_100' title='bbox 474 1434 645 1516; x_wconf 73' lang='grc' dir='ltr'><em>Θωμοιΐτης]</em></span> <span class='ocrx_word' id='word_1_101' title='bbox 675 1438 808 1510; x_wconf 81' lang='lat' dir='ltr'><strong>&#39;l&#39;riclinii‚</strong></span> <span class='ocrx_word' id='word_1_102' title='bbox 832 1437 1006 1510; x_wconf 86' lang='lat' dir='ltr'><strong>Patriarehii,</strong></span> <span class='ocrx_word' id='word_1_103' title='bbox 1029 1437 1187 1494; x_wconf 89' lang='lat' dir='ltr'><strong>&#39;lhomaitae</strong></span> 
     </span>
     <span class='ocr_line' id='line_1_16' title="bbox 224 1521 1187 1597; baseline -0.004 -15"><span class='ocrx_word' id='word_1_104' title='bbox 224 1525 300 1596; x_wconf 85' lang='lat' dir='ltr'><strong>dicti,</strong></span> <span class='ocrx_word' id='word_1_105' title='bbox 323 1524 449 1582; x_wconf 87' lang='lat' dir='ltr'><strong>conditor</strong></span> <span class='ocrx_word' id='word_1_106' title='bbox 469 1522 523 1582; x_wconf 89' lang='lat' dir='ltr'><strong>luit</strong></span> <span class='ocrx_word' id='word_1_107' title='bbox 546 1524 662 1581; x_wconf 83' lang='lat' dir='ltr'><strong>Thomas</strong></span> <span class='ocrx_word' id='word_1_108' title='bbox 684 1523 835 1580; x_wconf 87' lang='lat' dir='ltr'><strong>Patriarcha</strong></span> <span class='ocrx_word' id='word_1_109' title='bbox 858 1521 1117 1597; x_wconf 76' lang='lat' dir='ltr'><strong>constantinopolit.</strong></span> <span class='ocrx_word' id='word_1_110' title='bbox 1140 1523 1187 1596; x_wconf 89' lang='lat' dir='ltr'><strong>qui</strong></span> 
     </span>
     <span class='ocr_line' id='line_1_17' title="bbox 224 1605 1187 1704; baseline -0.003 -39"><span class='ocrx_word' id='word_1_111' title='bbox 224 1608 335 1682; x_wconf 83' lang='lat' dir='ltr'><strong>Cyriaeo</strong></span> <span class='ocrx_word' id='word_1_112' title='bbox 358 1610 501 1670; x_wconf 88' lang='lat' dir='ltr'><strong>successit.</strong></span> <span class='ocrx_word' id='word_1_113' title='bbox 545 1609 714 1704; x_wconf 87' lang='lat' dir='ltr'><strong>Nicephorus</strong></span> <span class='ocrx_word' id='word_1_114' title='bbox 737 1606 839 1663; x_wconf 82' lang='lat' dir='ltr'><strong>Gallist.</strong></span> <span class='ocrx_word' id='word_1_115' title='bbox 865 1605 919 1678; x_wconf 86' lang='grc'><strong>18,</strong></span> <span class='ocrx_word' id='word_1_116' title='bbox 942 1605 984 1662; x_wconf 87' lang='lat'><strong>44</strong></span> <span class='ocrx_word' id='word_1_117' title='bbox 1011 1606 1054 1702; x_wconf 90' lang='lat' dir='ltr'><strong>de</strong></span> <span class='ocrx_word' id='word_1_118' title='bbox 1067 1606 1187 1664; x_wconf 83' lang='lat' dir='ltr'><strong>Thoma:</strong></span> 
     </span>
     <span class='ocr_line' id='line_1_18' title="bbox 224 1677 1191 1788; baseline 0 -40"><span class='ocrx_word' id='word_1_119' title='bbox 224 1685 278 1749; x_wconf 88' lang='grc' dir='ltr'><strong>τδν</strong></span> <span class='ocrx_word' id='word_1_120' title='bbox 298 1686 436 1768; x_wconf 75' lang='grc' dir='ltr'><strong>μέγιστον</strong></span> <span class='ocrx_word' id='word_1_121' title='bbox 451 1683 537 1751; x_wconf 80' lang='grc' dir='ltr'><em>οἶκον</em></span> <span class='ocrx_word' id='word_1_122' title='bbox 552 1683 725 1788; x_wconf 80' lang='grc' dir='ltr'><em>δειμάμενος</em></span> <span class='ocrx_word' id='word_1_123' title='bbox 745 1709 786 1769; x_wconf 84' lang='grc' dir='ltr'><strong>τῳ</strong></span> <span class='ocrx_word' id='word_1_124' title='bbox 776 1679 982 1746; x_wconf 72' lang='grc' dir='ltr'><strong>Ἐ’ωτισκωτεί</strong></span> <span class='ocrx_word' id='word_1_125' title='bbox 968 1686 1016 1770; x_wconf 78' lang='grc' dir='ltr'><strong>ίῳ,</strong></span> <span class='ocrx_word' id='word_1_126' title='bbox 1038 1677 1071 1758; x_wconf 79' lang='grc' dir='ltr'><strong>ὃς</strong></span> <span class='ocrx_word' id='word_1_127' title='bbox 1085 1679 1119 1746; x_wconf 87' lang='grc' dir='ltr'><strong>τδ</strong></span> <span class='ocrx_word' id='word_1_128' title='bbox 1135 1686 1191 1748; x_wconf 83' lang='grc' dir='ltr'><strong>τοῦ</strong></span> 
     </span>
     <span class='ocr_line' id='line_1_19' title="bbox 225 1763 1188 1852; baseline 0.001 -21"><span class='ocrx_word' id='word_1_129' title='bbox 225 1772 429 1852; x_wconf 80' lang='grc' dir='ltr'><em>δομησωμὲνον</em></span> <span class='ocrx_word' id='word_1_130' title='bbox 450 1767 677 1851; x_wconf 77' lang='grc' dir='ltr'><em>κληρωσάμενος</em></span> <span class='ocrx_word' id='word_1_131' title='bbox 697 1763 802 1850; x_wconf 77' lang='grc' dir='ltr'><em>ὄνομα,</em></span> <span class='ocrx_word' id='word_1_132' title='bbox 828 1773 987 1848; x_wconf 82' lang='grc' dir='ltr'><em>Θωμαΐτης</em></span> <span class='ocrx_word' id='word_1_133' title='bbox 1008 1768 1038 1844; x_wconf 74' lang='grc' dir='ltr'><strong>ἐς</strong></span> <span class='ocrx_word' id='word_1_134' title='bbox 1053 1769 1186 1847; x_wconf 82' lang='grc' dir='ltr'><em>δεῦρο</em></span> <span class='ocrx_word' id='word_1_135' title='bbox 1153 1793 1188 1832; x_wconf 87' lang='grc' dir='ltr'><strong>το</strong></span> 
     </span>
     <span class='ocr_line' id='line_1_20' title="bbox 225 1853 1190 1936; baseline 0.001 -20"><span class='ocrx_word' id='word_1_136' title='bbox 225 1853 382 1935; x_wconf 75' lang='grc' dir='ltr'><em>ἐντάννμον</em></span> <span class='ocrx_word' id='word_1_137' title='bbox 400 1856 466 1936; x_wconf 70' lang='grc' dir='ltr'><strong>ἔχει.</strong></span> <span class='ocrx_word' id='word_1_138' title='bbox 497 1863 578 1920; x_wconf 86' lang='lat' dir='ltr'><strong>Plura</strong></span> <span class='ocrx_word' id='word_1_139' title='bbox 599 1862 634 1918; x_wconf 89' lang='lat' dir='ltr'><strong>de</strong></span> <span class='ocrx_word' id='word_1_140' title='bbox 655 1863 709 1918; x_wconf 89' lang='lat' dir='ltr'><strong>hcc</strong></span> <span class='ocrx_word' id='word_1_141' title='bbox 724 1860 850 1917; x_wconf 83' lang='lat' dir='ltr'><strong>Triclinia</strong></span> <span class='ocrx_word' id='word_1_142' title='bbox 866 1862 1053 1936; x_wconf 79' lang='lat' dir='ltr'><strong>congessimus</strong></span> <span class='ocrx_word' id='word_1_143' title='bbox 1076 1863 1104 1916; x_wconf 91' lang='lat' dir='ltr'><strong>in</strong></span> <span class='ocrx_word' id='word_1_144' title='bbox 1119 1860 1190 1917; x_wconf 85' lang='lat' dir='ltr'><strong>Gon-</strong></span> 
     </span>
     <span class='ocr_line' id='line_1_21' title="bbox 225 1943 1191 2019; baseline 0 -17"><span class='ocrx_word' id='word_1_145' title='bbox 225 1945 402 2019; x_wconf 86' lang='lat' dir='ltr'><strong>stantinopoli</strong></span> <span class='ocrx_word' id='word_1_146' title='bbox 430 1945 527 2002; x_wconf 78' lang='lat' dir='ltr'><strong>Christ.</strong></span> <span class='ocrx_word' id='word_1_147' title='bbox 551 1945 598 2004; x_wconf 89' lang='lat' dir='ltr'><strong>lib.</strong></span> <span class='ocrx_word' id='word_1_148' title='bbox 621 1946 648 2002; x_wconf 89' lang='grc'><strong>2.</strong></span> <span class='ocrx_word' id='word_1_149' title='bbox 678 1953 746 2005; x_wconf 84' lang='lat' dir='ltr'><strong>sect.</strong></span> <span class='ocrx_word' id='word_1_150' title='bbox 767 1944 794 2002; x_wconf 88' lang='lat'><strong>8.</strong></span> <span class='ocrx_word' id='word_1_151' title='bbox 839 1944 868 2001; x_wconf 96' lang='lat' dir='ltr'><strong>ln</strong></span> <span class='ocrx_word' id='word_1_152' title='bbox 890 1961 923 2002; x_wconf 94' lang='lat' dir='ltr'><strong>eo</strong></span> <span class='ocrx_word' id='word_1_153' title='bbox 946 1943 1073 2002; x_wconf 83' lang='lat' dir='ltr'><strong>Triclinio</strong></span> <span class='ocrx_word' id='word_1_154' title='bbox 1100 1947 1191 2002; x_wconf 81' lang='lat' dir='ltr'><strong>extitit</strong></span> 
     </span>
     <span class='ocr_line' id='line_1_22' title="bbox 224 2027 1268 2105; baseline 0 -19"><span class='ocrx_word' id='word_1_155' title='bbox 224 2030 390 2086; x_wconf 83' lang='lat' dir='ltr'><strong>Bibliotheca</strong></span> <span class='ocrx_word' id='word_1_156' title='bbox 412 2029 599 2102; x_wconf 80' lang='lat' dir='ltr'><strong>Patriarehae‚</strong></span> <span class='ocrx_word' id='word_1_157' title='bbox 623 2045 703 2105; x_wconf 87' lang='lat' dir='ltr'><strong>qnam</strong></span> <span class='ocrx_word' id='word_1_158' title='bbox 724 2029 787 2086; x_wconf 88' lang='lat' dir='ltr'><strong>inde</strong></span> <span class='ocrx_word' id='word_1_159' title='bbox 809 2029 1018 2087; x_wconf 87' lang='lat' dir='ltr'><strong>Patriarehalem</strong></span> <span class='ocrx_word' id='word_1_160' title='bbox 1040 2027 1188 2086; x_wconf 88' lang='lat' dir='ltr'><strong>Bibliothe-</strong></span> <span class='ocrx_word' id='word_1_161' title='bbox 1266 2063 1268 2100; x_wconf 56' lang='lat'><em>2</em></span> 
     </span>
     <span class='ocr_line' id='line_1_23' title="bbox 226 2111 1268 2189; baseline -0.005 -18"><span class='ocrx_word' id='word_1_162' title='bbox 226 2131 283 2172; x_wconf 87' lang='lat' dir='ltr'><strong>cam</strong></span> <span class='ocrx_word' id='word_1_163' title='bbox 307 2113 334 2171; x_wconf 89' lang='lat' dir='ltr'><strong>S.</strong></span> <span class='ocrx_word' id='word_1_164' title='bbox 357 2114 476 2171; x_wconf 89' lang='lat' dir='ltr'><strong>&#39;lhomae</strong></span> <span class='ocrx_word' id='word_1_165' title='bbox 504 2130 647 2189; x_wconf 88' lang='lat' dir='ltr'><strong>perperam</strong></span> <span class='ocrx_word' id='word_1_166' title='bbox 674 2115 779 2171; x_wconf 87' lang='lat' dir='ltr'><strong>vocavit</strong></span> <span class='ocrx_word' id='word_1_167' title='bbox 800 2111 976 2170; x_wconf 84' lang='lat' dir='ltr'><strong>(lombefisius</strong></span> <span class='ocrx_word' id='word_1_168' title='bbox 1004 2113 1075 2188; x_wconf 88' lang='lat' dir='ltr'><strong>apud</strong></span> <span class='ocrx_word' id='word_1_169' title='bbox 1098 2113 1190 2170; x_wconf 81' lang='lat' dir='ltr'><strong>Conti-</strong></span> <span class='ocrx_word' id='word_1_170' title='bbox 1266 2139 1268 2166; x_wconf 72' lang='grc' dir='ltr'>ι</span> 
     </span>
     <span class='ocr_line' id='line_1_24' title="bbox 225 2183 1268 2272; baseline -0.001 -16"><span class='ocrx_word' id='word_1_171' title='bbox 225 2207 368 2256; x_wconf 91' lang='lat' dir='ltr'><strong>nuatcrem</strong></span> <span class='ocrx_word' id='word_1_172' title='bbox 391 2198 562 2272; x_wconf 76' lang='lat' dir='ltr'><strong>Theophanis</strong></span> <span class='ocrx_word' id='word_1_173' title='bbox 585 2199 603 2256; x_wconf 90' lang='lat' dir='ltr'><strong>l.</strong></span> <span class='ocrx_word' id='word_1_174' title='bbox 627 2199 654 2257; x_wconf 84' lang='lat'><strong>3.</strong></span> <span class='ocrx_word' id='word_1_175' title='bbox 683 2215 710 2254; x_wconf 91' lang='lat' dir='ltr'><strong>n.</strong></span> <span class='ocrx_word' id='word_1_176' title='bbox 733 2197 783 2254; x_wconf 92' lang='lat'><strong>14.</strong></span> <span class='ocrx_word' id='word_1_177' title='bbox 828 2198 948 2255; x_wconf 86' lang='lat' dir='ltr'><strong>Meminit</strong></span> <span class='ocrx_word' id='word_1_178' title='bbox 969 2207 1109 2272; x_wconf 88' lang='lat' dir='ltr'><strong>praeterea</strong></span> <span class='ocrx_word' id='word_1_179' title='bbox 1131 2199 1190 2256; x_wconf 86' lang='lat' dir='ltr'><strong>Bal·</strong></span> <span class='ocrx_word' id='word_1_180' title='bbox 1266 2183 1268 2204; x_wconf 74' lang='lat'><strong>⁴</strong></span> 
     </span>
     <span class='ocr_line' id='line_1_25' title="bbox 225 2281 1189 2357; baseline 0 -17"><span class='ocrx_word' id='word_1_181' title='bbox 225 2300 319 2340; x_wconf 89' lang='lat' dir='ltr'><strong>samon</strong></span> <span class='ocrx_word' id='word_1_182' title='bbox 341 2282 374 2338; x_wconf 89' lang='lat' dir='ltr'><strong>ad</strong></span> <span class='ocrx_word' id='word_1_183' title='bbox 396 2283 614 2340; x_wconf 88' lang='lat' dir='ltr'><strong>Ncmccanonem</strong></span> <span class='ocrx_word' id='word_1_184' title='bbox 635 2283 725 2340; x_wconf 90' lang='lat' dir='ltr'><strong>Photii</strong></span> <span class='ocrx_word' id='word_1_185' title='bbox 746 2300 773 2357; x_wconf 90' lang='lat' dir='ltr'><strong>p.</strong></span> <span class='ocrx_word' id='word_1_186' title='bbox 790 2281 861 2341; x_wconf 85' lang='grc'><strong>212.</strong></span> <span class='ocrx_word' id='word_1_187' title='bbox 885 2281 950 2339; x_wconf 91' lang='lat' dir='ltr'><strong>edit.</strong></span> <span class='ocrx_word' id='word_1_188' title='bbox 968 2283 996 2338; x_wconf 93' lang='lat'><strong>1.</strong></span> <span class='ocrx_word' id='word_1_189' title='bbox 1035 2282 1189 2340; x_wconf 88' lang='lat' dir='ltr'><strong>lustelli·in</strong></span> 
     </span>
     <span class='ocr_line' id='line_1_26' title="bbox 226 2366 1187 2440; baseline 0 -18"><span class='ocrx_word' id='word_1_190' title='bbox 226 2370 350 2425; x_wconf 84' lang='lat' dir='ltr'><strong>versione</strong></span> <span class='ocrx_word' id='word_1_191' title='bbox 371 2366 481 2440; x_wconf 80' lang='lat' dir='ltr'><strong>latina,</strong></span> <span class='ocrx_word' id='word_1_192' title='bbox 510 2369 629 2424; x_wconf 88' lang='lat' dir='ltr'><strong>elusdem</strong></span> <span class='ocrx_word' id='word_1_193' title='bbox 653 2367 777 2426; x_wconf 88' lang='lat' dir='ltr'><strong>triclinii:</strong></span> <span class='ocrx_word' id='word_1_194' title='bbox 805 2383 867 2423; x_wconf 90' lang='lat' dir='ltr'><strong>nam</strong></span> <span class='ocrx_word' id='word_1_195' title='bbox 889 2367 957 2423; x_wconf 89' lang='lat' dir='ltr'><strong>haec</strong></span> <span class='ocrx_word' id='word_1_196' title='bbox 982 2383 1034 2423; x_wconf 83' lang='lat' dir='ltr'><strong>vox</strong></span> <span class='ocrx_word' id='word_1_197' title='bbox 1060 2366 1138 2424; x_wconf 88' lang='lat' dir='ltr'><strong>abest</strong></span> <span class='ocrx_word' id='word_1_198' title='bbox 1159 2369 1187 2423; x_wconf 89' lang='lat' dir='ltr'><strong>in</strong></span> 
     </span>
     <span class='ocr_line' id='line_1_27' title="bbox 226 2452 436 2510; baseline 0.005 -2"><span class='ocrx_word' id='word_1_199' title='bbox 226 2452 327 2508; x_wconf 89' lang='lat' dir='ltr'><strong>Graeco</strong></span> <span class='ocrx_word' id='word_1_200' title='bbox 349 2459 436 2510; x_wconf 87' lang='lat' dir='ltr'><strong>textu.</strong></span> 
     </span>
    </p>

    <p class='ocr_par' dir='ltr' id='par_1_8' title="bbox 225 2522 1268 3100">
     <span class='ocr_line' id='line_1_28' title="bbox 290 2522 1187 2613; baseline -0.002 -19"><span class='ocrx_word' id='word_1_201' title='bbox 290 2535 368 2608; x_wconf 84' lang='lat'>364,</span> <span class='ocrx_word' id='word_1_202' title='bbox 392 2537 441 2596; x_wconf 88' lang='grc'><strong>13.</strong></span> <span class='ocrx_word' id='word_1_203' title='bbox 478 2529 629 2610; x_wconf 79' lang='grc' dir='ltr'><em>Θεοδότην</em></span> <span class='ocrx_word' id='word_1_204' title='bbox 643 2529 722 2593; x_wconf 79' lang='grc' dir='ltr'><strong>τινά</strong></span> <span class='ocrx_word' id='word_1_205' title='bbox 746 2522 885 2612; x_wconf 76' lang='grc' dir='ltr'><strong>ἠγάγετο]</strong></span> <span class='ocrx_word' id='word_1_206' title='bbox 909 2529 1075 2613; x_wconf 54' lang='lat' dir='ltr'><strong>:Nuptiarum</strong></span> <span class='ocrx_word' id='word_1_207' title='bbox 1103 2535 1187 2592; x_wconf 89' lang='lat' dir='ltr'><strong>bene·</strong></span> 
     </span>
     <span class='ocr_line' id='line_1_29' title="bbox 226 2619 1189 2696; baseline 0.002 -20"><span class='ocrx_word' id='word_1_208' title='bbox 226 2619 371 2677; x_wconf 88' lang='lat' dir='ltr'><strong>dictionem</strong></span> <span class='ocrx_word' id='word_1_209' title='bbox 394 2621 508 2677; x_wconf 83' lang='lat' dir='ltr'><strong>iaciente</strong></span> <span class='ocrx_word' id='word_1_210' title='bbox 530 2621 646 2696; x_wconf 90' lang='lat' dir='ltr'><strong>losepho</strong></span> <span class='ocrx_word' id='word_1_211' title='bbox 669 2620 704 2678; x_wconf 90' lang='lat' dir='ltr'><strong>ll.</strong></span> <span class='ocrx_word' id='word_1_212' title='bbox 720 2619 861 2678; x_wconf 83' lang='lat' dir='ltr'><strong>Ecclesiae·</strong></span> <span class='ocrx_word' id='word_1_213' title='bbox 876 2619 1042 2692; x_wconf 85' lang='lat' dir='ltr'><strong>Oeconomo‚</strong></span> <span class='ocrx_word' id='word_1_214' title='bbox 1064 2621 1189 2693; x_wconf 81' lang='lat' dir='ltr'><strong>inquunt</strong></span> 
     </span>
     <span class='ocr_line' id='line_1_30' title="bbox 226 2704 1189 2778; baseline -0.001 -17"><span class='ocrx_word' id='word_1_215' title='bbox 226 2706 336 2778; x_wconf 77' lang='lat' dir='ltr'><strong>gravius</strong></span> <span class='ocrx_word' id='word_1_216' title='bbox 358 2705 495 2762; x_wconf 91' lang='lat' dir='ltr'><strong>invehitur</strong></span> <span class='ocrx_word' id='word_1_217' title='bbox 523 2705 558 2762; x_wconf 91' lang='lat' dir='ltr'><strong>cb</strong></span> <span class='ocrx_word' id='word_1_218' title='bbox 580 2706 629 2762; x_wconf 90' lang='lat' dir='ltr'><strong>has</strong></span> <span class='ocrx_word' id='word_1_219' title='bbox 651 2706 767 2762; x_wconf 87' lang='lat' dir='ltr'><strong>incestas</strong></span> <span class='ocrx_word' id='word_1_220' title='bbox 789 2706 914 2778; x_wconf 83' lang='lat' dir='ltr'><strong>nuptias,</strong></span> <span class='ocrx_word' id='word_1_221' title='bbox 944 2713 971 2760; x_wconf 91' lang='lat' dir='ltr'><strong>et</strong></span> <span class='ocrx_word' id='word_1_222' title='bbox 999 2705 1026 2760; x_wconf 91' lang='lat' dir='ltr'><strong>in</strong></span> <span class='ocrx_word' id='word_1_223' title='bbox 1049 2704 1189 2760; x_wconf 80' lang='lat' dir='ltr'><strong>&#39;incastum</strong></span> 
     </span>
     <span class='ocr_line' id='line_1_31' title="bbox 225 2787 1189 2864; baseline 0.001 -21"><span class='ocrx_word' id='word_1_224' title='bbox 225 2787 407 2844; x_wconf 88' lang='lat' dir='ltr'><strong>Patriareham</strong></span> <span class='ocrx_word' id='word_1_225' title='bbox 430 2787 688 2864; x_wconf 83' lang='lat' dir='ltr'><strong>Constantinopolit.</strong></span> <span class='ocrx_word' id='word_1_226' title='bbox 717 2791 763 2864; x_wconf 90' lang='lat' dir='ltr'><strong>qui</strong></span> <span class='ocrx_word' id='word_1_227' title='bbox 786 2788 872 2845; x_wconf 88' lang='lat' dir='ltr'><strong>eidem</strong></span> <span class='ocrx_word' id='word_1_228' title='bbox 894 2788 1009 2863; x_wconf 90' lang='lat' dir='ltr'><strong>losepho</strong></span> <span class='ocrx_word' id='word_1_229' title='bbox 1038 2791 1189 2845; x_wconf 85' lang='lat' dir='ltr'><strong>eommuni-</strong></span> 
     </span>
     <span class='ocr_line' id='line_1_32' title="bbox 227 2871 1190 2948; baseline 0 -20"><span class='ocrx_word' id='word_1_230' title='bbox 227 2871 314 2944; x_wconf 86' lang='lat' dir='ltr'><strong>cabat,</strong></span> <span class='ocrx_word' id='word_1_231' title='bbox 339 2872 500 2930; x_wconf 82' lang='lat' dir='ltr'><strong>Theodorus</strong></span> <span class='ocrx_word' id='word_1_232' title='bbox 523 2872 629 2930; x_wconf 90' lang='lat' dir='ltr'><strong>Studita</strong></span> <span class='ocrx_word' id='word_1_233' title='bbox 650 2875 677 2929; x_wconf 91' lang='lat' dir='ltr'><strong>in</strong></span> <span class='ocrx_word' id='word_1_234' title='bbox 700 2874 804 2948; x_wconf 87' lang='lat' dir='ltr'><strong>aliquot</strong></span> <span class='ocrx_word' id='word_1_235' title='bbox 819 2871 947 2948; x_wconf 80' lang='lat' dir='ltr'><strong>lipistclis</strong></span> <span class='ocrx_word' id='word_1_236' title='bbox 970 2872 1049 2930; x_wconf 86' lang='lat' dir='ltr'><strong>editis</strong></span> <span class='ocrx_word' id='word_1_237' title='bbox 1072 2889 1087 2928; x_wconf 93' lang='lat' dir='ltr'><strong>a</strong></span> <span class='ocrx_word' id='word_1_238' title='bbox 1108 2873 1190 2929; x_wconf 87' lang='lat' dir='ltr'><strong>Baro·</strong></span> 
     </span>
     <span class='ocr_line' id='line_1_33' title="bbox 225 2955 1268 3034; baseline 0.002 -22"><span class='ocrx_word' id='word_1_239' title='bbox 225 2957 271 3012; x_wconf 90' lang='lat' dir='ltr'><strong>nio</strong></span> <span class='ocrx_word' id='word_1_240' title='bbox 294 2973 335 3012; x_wconf 90' lang='lat' dir='ltr'><strong>au.</strong></span> <span class='ocrx_word' id='word_1_241' title='bbox 359 2955 420 3016; x_wconf 83' lang='grc'><strong>806</strong></span> <span class='ocrx_word' id='word_1_242' title='bbox 444 2965 472 3014; x_wconf 92' lang='lat' dir='ltr'><strong>et</strong></span> <span class='ocrx_word' id='word_1_243' title='bbox 485 2974 564 3034; x_wconf 88' lang='lat' dir='ltr'><strong>seqq.</strong></span> <span class='ocrx_word' id='word_1_244' title='bbox 589 2957 633 3014; x_wconf 88' lang='lat' dir='ltr'><strong>nbi</strong></span> <span class='ocrx_word' id='word_1_245' title='bbox 656 2961 851 3016; x_wconf 81' lang='lat' dir='ltr'><strong>coronationis</strong></span> <span class='ocrx_word' id='word_1_246' title='bbox 873 2974 939 3014; x_wconf 86' lang='lat' dir='ltr'><strong>voce</strong></span> <span class='ocrx_word' id='word_1_247' title='bbox 960 2958 1046 3013; x_wconf 92' lang='lat' dir='ltr'><strong>utitnr</strong></span> <span class='ocrx_word' id='word_1_248' title='bbox 1067 2973 1118 3032; x_wconf 93' lang='lat' dir='ltr'><strong>pro</strong></span> <span class='ocrx_word' id='word_1_249' title='bbox 1135 2973 1191 3014; x_wconf 89' lang='lat' dir='ltr'><strong>ma·</strong></span> <span class='ocrx_word' id='word_1_250' title='bbox 1266 3025 1268 3032; x_wconf 59' lang='lat'>.</span> 
     </span>
     <span class='ocr_line' id='line_1_34' title="bbox 226 3043 547 3100; baseline 0.012 -4"><span class='ocrx_word' id='word_1_251' title='bbox 226 3043 345 3097; x_wconf 88' lang='lat' dir='ltr'><strong>trimonii</strong></span> <span class='ocrx_word' id='word_1_252' title='bbox 367 3051 547 3100; x_wconf 88' lang='lat' dir='ltr'><strong>sacramento.</strong></span> 
     </span>
    </p>
   </div>
   <div class='ocr_carea' id='block_1_3' title="bbox 224 3115 1268 3539">
    <p class='ocr_par' dir='ltr' id='par_1_9' title="bbox 224 3115 1268 3539">
     <span class='ocr_line' id='line_1_35' title="bbox 262 3115 1268 3204; baseline 0.002 -21"><span class='ocrx_word' id='word_1_253' title='bbox 262 3160 270 3190; x_wconf 60' lang='lat' dir='ltr'>a</span> <span class='ocrx_word' id='word_1_254' title='bbox 290 3125 362 3200; x_wconf 89' lang='grc'>364,</span> <span class='ocrx_word' id='word_1_255' title='bbox 385 3125 437 3184; x_wconf 88' lang='grc'><strong>32.</strong></span> <span class='ocrx_word' id='word_1_256' title='bbox 465 3115 593 3184; x_wconf 86' lang='grc' dir='ltr'><em>Πλάτων</em></span> <span class='ocrx_word' id='word_1_257' title='bbox 616 3119 661 3204; x_wconf 78' lang='lat' dir='ltr'><strong>tt]</strong></span> <span class='ocrx_word' id='word_1_258' title='bbox 686 3127 781 3184; x_wconf 84' lang='lat' dir='ltr'><strong>Tctem</strong></span> <span class='ocrx_word' id='word_1_259' title='bbox 804 3126 873 3183; x_wconf 90' lang='lat' dir='ltr'><strong>hanc</strong></span> <span class='ocrx_word' id='word_1_260' title='bbox 894 3127 1106 3184; x_wconf 85' lang='lat' dir='ltr'><strong>controversiam</strong></span> <span class='ocrx_word' id='word_1_261' title='bbox 1129 3131 1192 3185; x_wconf 88' lang='lat' dir='ltr'><strong>atti·</strong></span> <span class='ocrx_word' id='word_1_262' title='bbox 1267 3129 1268 3150; x_wconf 49' lang='lat' dir='ltr'><strong>l</strong></span> 
     </span>
     <span class='ocr_line' id='line_1_36' title="bbox 226 3207 1189 3286; baseline 0.005 -21"><span class='ocrx_word' id='word_1_263' title='bbox 226 3210 314 3286; x_wconf 76' lang='lat' dir='ltr'><strong>gimns</strong></span> <span class='ocrx_word' id='word_1_264' title='bbox 337 3212 364 3266; x_wconf 93' lang='lat' dir='ltr'><strong>in</strong></span> <span class='ocrx_word' id='word_1_265' title='bbox 387 3210 475 3266; x_wconf 85' lang='lat' dir='ltr'><strong>Gloss.</strong></span> <span class='ocrx_word' id='word_1_266' title='bbox 498 3212 569 3268; x_wconf 88' lang='lat' dir='ltr'><strong>med.</strong></span> <span class='ocrx_word' id='word_1_267' title='bbox 586 3211 702 3273; x_wconf 81' lang='lat' dir='ltr'><strong>Graecit.</strong></span> <span class='ocrx_word' id='word_1_268' title='bbox 726 3213 753 3268; x_wconf 90' lang='lat' dir='ltr'><strong>in</strong></span> <span class='ocrx_word' id='word_1_269' title='bbox 770 3210 799 3269; x_wconf 89' lang='lat' dir='ltr'><strong>V.</strong></span> <span class='ocrx_word' id='word_1_270' title='bbox 819 3207 992 3285; x_wconf 83' lang='grc' dir='ltr'><strong>Μοιχιωνοί.</strong></span> <span class='ocrx_word' id='word_1_271' title='bbox 1025 3209 1088 3268; x_wconf 78' lang='lat' dir='ltr'><strong>lluit</strong></span> <span class='ocrx_word' id='word_1_272' title='bbox 1102 3227 1189 3286; x_wconf 88' lang='lat' dir='ltr'><strong>porro</strong></span> 
     </span>
     <span class='ocr_line' id='line_1_37' title="bbox 225 3293 1193 3371; baseline 0.005 -20"><span class='ocrx_word' id='word_1_273' title='bbox 225 3295 269 3351; x_wconf 89' lang='lat' dir='ltr'><strong>hie</strong></span> <span class='ocrx_word' id='word_1_274' title='bbox 290 3293 367 3350; x_wconf 86' lang='lat' dir='ltr'><strong>Plato</strong></span> <span class='ocrx_word' id='word_1_275' title='bbox 391 3293 570 3352; x_wconf 79' lang='lat' dir='ltr'><strong>SecundIonis</strong></span> <span class='ocrx_word' id='word_1_276' title='bbox 585 3295 740 3352; x_wconf 85' lang='lat' dir='ltr'><strong>llcnasterii</strong></span> <span class='ocrx_word' id='word_1_277' title='bbox 757 3296 933 3371; x_wconf 79' lang='lat' dir='ltr'><strong>hegumenus</strong></span> <span class='ocrx_word' id='word_1_278' title='bbox 957 3293 1193 3369; x_wconf 81' lang='lat' dir='ltr'><strong>(praeceptorem</strong></span> 
     </span>
     <span class='ocr_line' id='line_1_38' title="bbox 224 3377 1193 3456; baseline 0.005 -23"><span class='ocrx_word' id='word_1_279' title='bbox 224 3393 366 3455; x_wconf 90' lang='lat' dir='ltr'><strong>perperam</strong></span> <span class='ocrx_word' id='word_1_280' title='bbox 389 3386 506 3434; x_wconf 89' lang='lat' dir='ltr'><strong>verterat</strong></span> <span class='ocrx_word' id='word_1_281' title='bbox 528 3377 671 3456; x_wconf 88' lang='lat' dir='ltr'><strong>interpres)</strong></span> <span class='ocrx_word' id='word_1_282' title='bbox 695 3381 764 3438; x_wconf 89' lang='lat' dir='ltr'><strong>alter</strong></span> <span class='ocrx_word' id='word_1_283' title='bbox 785 3397 799 3435; x_wconf 92' lang='lat' dir='ltr'><strong>a</strong></span> <span class='ocrx_word' id='word_1_284' title='bbox 820 3379 933 3438; x_wconf 90' lang='lat' dir='ltr'><strong>Platone</strong></span> <span class='ocrx_word' id='word_1_285' title='bbox 955 3381 1110 3438; x_wconf 87' lang='lat' dir='ltr'><strong>lionasterii</strong></span> <span class='ocrx_word' id='word_1_286' title='bbox 1126 3378 1193 3438; x_wconf 90' lang='lat' dir='ltr'><strong>Stu-</strong></span> 
     </span>
     <span class='ocr_line' id='line_1_39' title="bbox 226 3460 1192 3539; baseline 0.005 -19"><span class='ocrx_word' id='word_1_287' title='bbox 226 3461 261 3520; x_wconf 89' lang='lat' dir='ltr'><strong>dii</strong></span> <span class='ocrx_word' id='word_1_288' title='bbox 285 3460 403 3538; x_wconf 77' lang='lat' dir='ltr'><strong>notate,</strong></span> <span class='ocrx_word' id='word_1_289' title='bbox 433 3463 510 3518; x_wconf 87' lang='lat' dir='ltr'><strong>euius</strong></span> <span class='ocrx_word' id='word_1_290' title='bbox 537 3463 607 3520; x_wconf 82' lang='lat' dir='ltr'><strong>infra</strong></span> <span class='ocrx_word' id='word_1_291' title='bbox 630 3466 731 3521; x_wconf 87' lang='lat' dir='ltr'><strong>mentio</strong></span> <span class='ocrx_word' id='word_1_292' title='bbox 761 3473 804 3522; x_wconf 87' lang='lat' dir='ltr'><strong>est</strong></span> <span class='ocrx_word' id='word_1_293' title='bbox 832 3465 859 3522; x_wconf 90' lang='lat' dir='ltr'><strong>in</strong></span> <span class='ocrx_word' id='word_1_294' title='bbox 881 3464 1008 3524; x_wconf 88' lang='lat' dir='ltr'><strong>llichaele</strong></span> <span class='ocrx_word' id='word_1_295' title='bbox 1029 3463 1192 3539; x_wconf 80' lang='lat' dir='ltr'><strong>Rhaugabe.</strong></span> 
     </span>
    </p>
   </div>
   <div class='ocr_carea' id='block_1_4' title="bbox 0 0 1285 3854">
    <p class='ocr_par' dir='ltr' id='par_1_10' title="bbox 0 0 1285 3854">
     <span class='ocr_line' id='line_1_40' title="bbox 0 0 1285 3854; baseline 0 0"><span class='ocrx_word' id='word_1_296' title='bbox 0 0 1285 3854; x_wconf 95' lang='lat' dir='ltr'><strong> </strong></span> 
     </span>
    </p>
   </div>
  </div>
 </body>
</html>
