2548 3850
533 165 581 216 AD
600 165 684 218 VOL.
705 166 756 220 111.
1090 162 1131 226 23

165 321 221 361 sam
243 303 363 361 Caesaris
385 304 545 378 dignitatem
568 312 697 379 negaret,
725 311 783 362 tom
810 307 834 361 is
856 305 1048 380 Imperatorem
1071 320 1132 362 sese

165 389 319 462 apellavit.

200 407 302 547 pllll,
326 473 374 532 26.
406 464 445 540 ὦς
466 459 526 530 ὑπὸ
549 466 721 550 popoddmp]
746 475 792 530 [tio
816 458 913 548 ὥσπερ
936 491 980 542 τις
997 459 1132 547 ἀκριβῶς

167 546 253 632 χορὸς
274 551 489 633 δεδιδαγμένος.
533 557 657 616 Occurrit
679 557 745 614 haec
768 575 819 614 vox
841 558 914 632 apud
935 557 1081 614 Pollucem.

230 642 345 714 104,1.
378 636 484 719 ἔθνος]
510 643 704 700 Provinciam.
736 642 764 699 V.
788 643 876 701 Gloss.
903 642 972 704 med.
989 641 1132 698 Graecitat.

232 727 302 798 109,
328 727 375 786 15.
405 725 467 784 τῶν
485 717 650 805 Ἐξαπλῶν]
674 728 703 784 V.
721 727 855 784 Valerium
878 727 910 784 ad
934 726 1041 792 Eusebii
1064 726 1131 783 illst.
1152 728 1185 779 26

167 813 261 885 6,16,
286 811 331 868 ubi
355 811 479 869 observat
498 821 638 887 praetcrea
662 828 730 888 quae
745 821 900 887 sequuntur
921 829 954 868 ex
971 811 1067 868 eodem
1083 812 1134 868 Eu·

166 897 243 954 sebio
266 896 443 970 descripsisse
465 897 603 955 Zonaram.

232 980 304 1052 114,
329 981 378 1038 15.
409 979 542 1054 Μαῦρος
562 971 719 1057 τυγχάνων
742 974 774 1037 ἐκ
791 976 948 1059 Σικελίας]
972 981 1011 1038 lta
1029 982 1058 1038 in
1074 985 1133 1056 qui-

165 1065 277 1122 busdam
300 1065 391 1122 ilionis
415 1065 553 1141 Ercorptis
576 1083 641 1128 mss.
664 1067 720 1141 legi
743 1075 854 1124 annotat
868 1066 1053 1126 casaubonus.
1090 1067 1135 1122 lli·
1188 1093 1191 1096 ·

165 1150 285 1224 philinus
307 1140 367 1205 ἀπὸ
391 1147 528 1219 Σικελίας
552 1148 731 1224 Καισαρείας
758 1153 847 1208 babet.
894 1150 923 1206 V.
946 1150 1132 1222 conjecturam

166 1233 287 1292 eiusdem
309 1234 459 1292 ilasauboui
482 1236 515 1292 ad
539 1235 683 1294 Macrinum
706 1235 860 1310 Capitolini.

233 1318 304 1390 127,
329 1319 377 1376 12.
409 1307 621 1398 Πομαηϊανόν]
645 1320 758 1378 Maurae
778 1329 805 1377 et
821 1319 917 1376 Albino
932 1319 1056 1378 Publium
1072 1337 1134 1378 sue-

166 1405 282 1460 cessisse
305 1404 398 1461 scribit
419 1413 515 1462 auctor
536 1405 662 1462 Chronici
678 1405 858 1476 Alexandrini,
883 1405 1000 1478 huicque
1023 1405 1134 1462 Gordia·

167 1505 232 1544 uum
254 1491 403 1546 seniorem:
426 1491 449 1545 is
472 1498 562 1546 autem
584 1489 696 1546 Publius
710 1488 839 1544 Maximus
856 1489 981 1545 Balbinus
997 1489 1134 1563 Pupienus

167 1572 325 1645 vocabatur,
347 1590 427 1647 quem
450 1574 565 1630 eundem
581 1591 641 1630 esse
662 1590 723 1631 curu
738 1573 901 1646 Pompeiano
916 1573 1034 1629 Zonarae
1057 1582 1135 1647 putat

167 1655 351 1715 casaubonus.
395 1659 420 1713 ls
443 1675 523 1730 vero,
546 1659 725 1733 Pompeianus
748 1657 851 1728 Civica,
879 1657 975 1714 consul
998 1657 1050 1716 luit
1072 1675 1134 1716 cum

166 1741 302 1797 Gordiano
325 1742 491 1815 secundum,
519 1744 595 1800 cuius
624 1742 783 1800 consulatus
805 1743 906 1798 mentio
934 1749 976 1798 est
999 1743 1027 1798 in
1049 1745 1135 1799 veteri

165 1826 344 1900 inscriptione
366 1843 453 1900 nuper
476 1827 548 1884 edita
570 1845 584 1883 a
607 1828 710 1886 Pboma
732 1826 872 1884 lleinesio:

368 2066 376 2078 ¹
404 2007 595 2060 auram-ue
611 2008 706 2060 usca

404 2077 469 2126 nar
488 2079 525 2128 u.
543 2075 780 2128 nurseusruoc

405 2144 561 2198 annuam
579 2141 748 2197 oraoooe.

408 2210 529 2264 c‘rorn.
550 2211 659 2265 nuno.

405 2347 489 2398 arr.
507 2346 603 2398 nuc.
622 2347 660 2400 u.
679 2345 845 2398 aureum

404 2414 593 2468 roramue
609 2415 655 2466 rs
674 2415 772 2476 (seria.
791 2415 834 2478 n.)

404 2483 469 2532 nar
487 2481 704 2534 nounnnue

405 2549 565 2601 nxorrnn
582 2548 663 2604 noc.

168 2671 255 2730 liuius
277 2671 431 2748 Pompeiani
453 2671 563 2748 gentilis
586 2671 639 2731 luit
661 2671 758 2729 Sextus
779 2671 927 2728 Vetulenus
950 2673 1037 2731 Civica
1055 2673 1136 2729 Pom-

167 2757 281 2829 peianus
303 2759 399 2816 consul
421 2775 491 2818 cnm¹
504 2757 534 2814 L.
557 2756 667 2815 Ceionio
689 2755 837 2814 Commodo
860 2773 902 2814 an.
926 2774 954 2816 u.
977 2775 1001 2816 c.
1018 2757 1091 2817 888.

234 2840 312 2912 130,
337 2843 385 2898 15.
421 2835 563 2920 Mu‘peov]
592 2841 671 2898 blarci
693 2849 721 2898 et
743 2841 837 2898 Severi
858 2841 1002 2900 Hostiliani
1030 2843 1137 2917 Imperii

168 2927 298 2984 memoria
321 2928 367 2982 uni
389 2927 507 2984 zonarae
529 2927 654 2997 debetur,
678 2934 708 2984 ut
730 2925 833 3000 pridem
856 2925 1027 2984 obseruatum
1043 2944 1057 2982 a
1072 2929 1136 2984 viris

168 3009 267 3066 doctis.
303 3011 485 3068 Posteriorem
501 3012 664 3083 Styliaeum
685 3026 828 3084 perperam
850 3011 931 3067 vertit
945 3009 1074 3084 Wolfius,
1097 3011 1137 3069 di·

168 3094 246 3152 vulso
275 3112 291 3152 a
319 3111 385 3152 voce
411 3087 439 3153 b.
460 3140 464 3146 .
483 3097 617 3171 corrupte
646 3096 726 3152 etiam
750 3083 958 3164 Ἰουσιιλιααὸς
984 3096 1138 3170 appellatur

168 3179 240 3252 apud
262 3179 413 3238 Cedreuum
437 3175 507 3258 [vol.
533 3185 596 3255 lp.
613 3179 674 3238 451
698 3180 740 3236 ed.
763 3174 877 3256 Bonn.],
900 3182 947 3254 qui
969 3180 1049 3237 Marci
1063 3183 1137 3254 pari-

170 3270 213 3318 ter
234 3266 371 3338 meminit,
396 3266 445 3323 sed
467 3267 495 3325 in
517 3267 593 3322 anuis
616 3266 759 3339 utriusque
781 3265 888 3338 imperii
910 3265 1007 3322 mlrum
1029 3266 1057 3319 iu
1080 3280 1137 3320 mo·

169 3345 235 3404 dum
257 3358 360 3423 peccat.
406 3344 457 3426 [lle
479 3350 580 3408 Severo
604 3348 755 3406 Hostiliano
779 3364 804 3404 v.
820 3347 930 3410 Eolrbcl.
946 3348 1037 3406 Doctr.
1061 3363 1137 3406 uum.

161 3432 225 3490 ¹rol.
248 3433 266 3490 t
289 3451 316 3508 p.
341 3433 412 3497 351.
435 3430 547 3515 utun]
