2550 3854
215 212 276 276 124
558 211 838 264 ANNOTATIONES

165 393 167 396 -
279 353 329 424 17,
353 353 382 411 7.
411 343 680 428 οῖκαλολρχιερεῖς]
705 351 768 408 Vide
788 359 897 425 praeter
911 349 1186 427 porphyrogenitum

212 439 240 493 in
262 440 302 494 avi
324 437 412 493 basilii
435 438 537 493 vitan.
561 436 610 496 21.
635 436 699 492 eaiit.
722 434 866 492 combefis.
890 444 918 491 et
941 436 1007 492 aiios
1028 439 1185 511 scriptores

212 522 387 596 Byzantinos,
409 521 592 582 balsamonem
614 520 647 575 ad
669 521 733 580 Can.
758 519 796 577 62
820 519 922 594 Synodi
944 520 1098 578 Trulianae.

279 606 329 678 17,
351 606 401 661 21.
424 599 490 678 ἔφυ
499 599 531 661 ba
545 600 682 676 antipam
701 593 840 682 ἀσήμων]
866 603 1127 679 Linthprandusl,
1143 607 1183 665 2:
1266 593 1268 600 ¹

213 691 346 748 Basilius
365 689 531 763 Imperator
545 692 701 764 depastus,
724 705 797 746 arus
811 691 910 758 buius,
933 688 1109 747 Macedonia
1126 692 1180 747 λιιι-

213 777 275 832 mili
292 775 396 848 fuerat
413 778 557 847 prosapia
578 775 734 844 oriundus,
755 775 958 847 descenditque
980 773 1181 832 Constantino·

211 863 299 932 polim
313 856 367 930 τῆς
389 856 493 928 πενίας
514 855 607 938 ζυγῷ,
633 861 710 932 quod
724 866 767 914 est
778 861 966 930 paupertatis
979 862 1055 932 iuqo,
1072 867 1103 916 ut
1119 865 1181 917 cui·
1262 873 1269 886 ·

213 947 278 1001 dam
301 947 423 1001 serviret
438 945 575 1017 Iqumeno
592 943 707 1000 Abbati.
751 943 845 1016 Ipitur
859 943 1026 1014 Imperator
1040 943 1181 1016 Michael,

214 1031 264 1102 qui
278 1036 346 1086 tuuc
362 1032 498 1100 temporis
513 1035 594 1098 erat,
615 1045 679 1084 cum
701 1031 841 1084 orationis
858 1031 955 1100 qratia
977 1029 1017 1083 ad
1031 1028 1181 1085 Monaste-

214 1117 288 1169 rium
303 1114 382 1169 istud
390 1116 419 1168 itt
432 1129 488 1186 quo
499 1113 682 1168 ministrabat
696 1113 895 1182 descenderet,
912 1112 980 1168 cidit
991 1113 1069 1168 bunc
1078 1113 1180 1186 forma

211 1200 429 1269 praecaeteris
449 1199 579 1270 eqreqia:
601 1199 783 1269 accitumque
805 1197 845 1252 ad
863 1211 894 1252 se
909 1196 1046 1252 Abbatem
1066 1202 1181 1270 roqaoit

213 1287 245 1336 nt
260 1297 291 1338 se
306 1283 428 1338 donaret
442 1282 497 1337 boc
510 1295 611 1352 puero,
627 1295 709 1354 quem
725 1284 886 1352 suscipiens
901 1283 930 1336 in
946 1281 1071 1352 Palatio,
1094 1282 1179 1338 Cubi-

215 1368 322 1422 cularii
335 1368 451 1424 donarit
466 1365 575 1438 officio.
617 1367 728 1422 Tantae
743 1365 866 1436 denique
878 1372 947 1436 post
957 1368 1113 1437 paululum
1126 1385 1182 1440 po-

214 1455 327 1508 testatis
341 1452 466 1524 effectus
481 1456 532 1520 est,
550 1457 581 1506 ut
597 1451 673 1518 alter
689 1451 725 1506 ab
741 1450 870 1506 amnibus
884 1447 1050 1521 Imperator
1065 1458 1108 1507 est
1125 1469 1180 1522 ap·

172 1597 174 1602 ,
210 1537 349 1608 peilatus.
388 1535 417 1591 In
440 1534 538 1608 quibus
561 1534 727 1608 aliquantum
750 1533 877 1591 dissentit
899 1549 912 1588 a
935 1533 1114 1607 scriptoribus
1130 1536 1181 1609 By·

213 1620 339 1690 zantiais,
362 1619 459 1694 quibus
482 1620 574 1714 potior
596 1627 638 1674 est
661 1613 726 1674 fialas
749 1616 907 1675 adhibenda.

278 1703 328 1770 20,
352 1702 402 1760 22.
435 1692 665 1779 συνταξάμενος]
690 1702 725 1758 ile
748 1703 798 1758 hac
820 1717 886 1761 voce
909 1704 1014 1777 agimus
1036 1703 1063 1758 in
1087 1703 1181 1760 Gloss.

213 1789 283 1844 med.
308 1788 424 1845 Graecit.
470 1787 505 1843 iia
528 1787 640 1861 'lampio
669 1803 733 1842 vero
757 1786 931 1863 Hodegornm
960 1788 1071 1860 copiosa
1094 1786 1181 1845 dissa-

213 1873 316 1928 ruimus
340 1873 368 1927 in
390 1880 483 1927 nostra
505 1870 741 1946 Constantinopoli
763 1870 809 1931 lib
832 1871 862 1928 4.

278 1950 330 2028 21,
353 1955 403 2014 30
432 1945 484 2012 τόν
508 1948 630 2024 Biatia
650 1944 839 2025 περιστάντες
860 1948 1046 2033 συνέκοψαν]
1070 1955 1180 2014 Nicetes

213 2039 365 2135 Paphlago
379 2041 407 2096 in
436 2042 487 2096 vita
516 2040 612 2114 Ignatii
639 2039 713 2096 Patr.
741 2039 975 2138 constantinopol.
999 2035 1180 2140 ἐπειγομένῳ

212 2111 270 2199 γὰρ
292 2141 367 2179 κατα
390 2115 510 2200 Κρήτης
532 2143 572 2180 τω
598 2113 734 2200 Μιχαηλ,
758 2119 809 2180 καὶ
831 2112 921 2192 αυτὸς
943 2112 1130 2222 ὁΒοὲρόας”
1109 2144 1180 2200 αχρι

213 2227 273 2266 τοιν
293 2202 459 2284 λεγομένοιν
482 2199 597 2281 Κηπιον
624 2222 843 2284 συστρατενων,
872 2203 937 2266 ἐκεῖ
958 2197 995 2280 δι]
1016 2199 1072 2283 τὴν
1095 2203 1179 2284 ἐσχολ-

213 2312 269 2368 capr
296 2287 373 2351 ἔτισε
384 2289 511 2394 itaqu:
543 2286 695 2390 πρόφασιν
720 2287 777 2372 γὰρ
810 2285 849 2362 dg
876 2289 1108 2388 ἐπιβουλεύοντα
1136 2292 1181 2374 τῷ

213 2368 393 2476 βασιλεῖ,
374 2395 393 2451 η
417 2370 565 2452 θεήλατος
591 2365 683 2435 αυτὸν
709 2376 859 2455 μετῆλθεν
888 2367 979 2457 ὀργὴ,
1009 2373 1060 2435 καὶ
1083 2377 1180 2450 ξίφεσι

213 2451 342 2538 μεληδὸν
363 2452 478 2534 ιἰθλίοος
499 2456 765 2568 κατακοπτόμενος.
811 2463 895 2520 inira:
918 2459 982 2522 τότε
1003 2457 1059 2538 μὲν
1080 2453 1180 2522 anub

214 2539 417 2626 Αυτοκρᾶτοιρ
438 2543 596 2623 παρευθυς
624 2542 700 2625 πρὸς
727 2544 786 2623 τὴν
811 2545 1030 2624 destituantur
1058 2549 1181 2605 παλινα-

217 2635 287 2690 στεῐ.

162 2719 195 2770 82
279 2718 336 2789 22,
362 2719 409 2781 11,
444 2713 495 2774 καλ
521 2715 582 2774 τῶν
603 2715 725 2793 φρενῶν
747 2708 946 2795 ἐξιστάμενος]
976 2717 1180 2794 Liutbprandns

216 2804 244 2876 l,
269 2804 301 2860 3:
333 2805 436 2860 Verum
452 2807 519 2877 quia
536 2807 714 2876 omnipotens
728 2803 807 2861 Deus
827 2819 927 2860 servos
941 2820 1009 2860 suos
1023 2810 1097 2860 iuste
1112 2807 1178 2860 oisi-

214 2895 256 2944 tat
278 2904 458 2962 quacumque
481 2889 538 2944 ruit
559 2903 696 2960 censura,
718 2891 796 2945 bunc
817 2889 1027 2960 Imperatorem
1047 2889 1177 2944 Michae-

212 2975 267 3028 lem
282 2987 374 3028 sanae
393 2975 495 3028 mentis
516 2974 556 3028 ad
576 2978 688 3045 tempus
708 2989 771 3030 esse
791 2991 848 3031 nau
866 2976 1050 3045 permiserat,
1076 2980 1107 3029 ut
1122 2991 1179 3046 quo

214 3071 278 3112 eum
293 3058 414 3129 pronius
424 3066 573 3128 premeret
588 3061 616 3112 in
634 3060 745 3130 infimis,
771 3074 803 3115 eo
818 3059 1031 3115 misericordius
1047 3073 1178 3114 remune-

214 3147 335 3198 raretur
354 3145 383 3196 iu
404 3145 529 3198 summis.
576 3141 657 3212 Nom,
680 3151 710 3198 ut
729 3143 837 3214 fertur,
860 3143 947 3198 buius
968 3149 1095 3214 tempore
1108 3158 1177 3214 pas·

131 3287 133 3292 .
213 3227 311 3297 sionis,
329 3223 498 3297 familiares
513 3229 598 3282 etiam
614 3230 719 3298 eapitis
733 3231 860 3284 iusserat
874 3229 1011 3283 damnari
1025 3230 1177 3296 sententia,

214 3325 285 3380 quos
306 3317 400 3365 tamen
421 3312 461 3366 ad
480 3311 648 3368 se'rediens
670 3312 724 3368 boc
747 3319 836 3382 pacto
857 3312 1040 3385 requirebat,
1067 3320 1098 3368 ut
1123 3314 1180 3367 nisi

215 3401 282 3466 quot
298 3397 427 3468 inputari
439 3398 567 3452 iusserat
586 3395 795 3468 redderentur,
814 3399 887 3468 pari
900 3400 957 3469 ipsi
970 3399 1021 3466 qui
1034 3397 1089 3452 boe
1105 3397 1177 3468 effe-

214 3486 317 3536 cerant
332 3481 474 3536 sentemia
494 3481 714 3537 damnarentur.
759 3481 826 3538 Hoc
847 3484 935 3556 ipilur
957 3487 1084 3551 terrore,
1107 3493 1178 3554 quas
