2550 3854
423 229 425 232 ·
493 213 542 264 sn
560 215 642 269 von.
660 218 710 270 ιιι.
1043 217 1085 283 83

120 351 239 424 spicatur
260 368 276 408 a
298 359 374 426 cepta
395 352 559 428 Carthagine
571 353 678 412 iliricae
692 356 847 431 metropoli,
870 359 943 431 quod
966 375 998 414 ea
1014 369 1082 416 tem-

118 450 186 508 pore
209 444 302 510 captae
324 434 423 493 lionr'ae
445 437 546 512 liquet,
578 455 659 513 quarn
679 449 784 515 captam
811 440 904 498 scribit
927 459 998 500 anno
1022 444 1081 501 Gei-

28 548 30 554 s
117 520 195 575 serici
219 518 270 593 15,
298 521 351 578 hoc
373 529 451 578 esta
477 530 586 596 capta,
600 531 632 580 ut
655 523 725 598 dixi,
747 524 924 600 Carthagine,
948 535 980 582 ut
1005 537 1081 586 recto

116 603 313 661 observatura
335 603 430 662 Franc.
453 606 594 666 Baiduino.
625 608 746 678 Quatuor
768 609 807 666 iiii
822 609 899 666 luere
914 609 971 683 iiiii,
995 613 1079 671 Hun-

115 692 253 760 ποήσας,
284 690 394 761 Genzo,
427 708 476 748 seu
505 691 629 765 cenato,
659 694 703 751 eui
730 697 809 770 regni
835 703 940 768 partem
968 697 1080 772 reliquit

1 794 3 844 ι
113 781 203 848 pater,
227 775 434 849 Theodericus,
449 784 478 834 et
495 777 670 851 Theodotus,
685 781 732 853 qui
746 787 823 854 patre
837 783 986 854 superstite
1001 781 1077 840 obiit

1 911 2 916 ,
112 858 200 915 Porro
223 867 337 932 quantas
358 859 522 918 calamitates
544 861 650 920 Africae
671 863 805 937 intulerit,
828 863 892 921 dum
913 864 1079 923 catholicam

114 939 194 1000 iidem
216 943 314 1001 Ariana
335 946 475 1019 impietate
497 947 568 1003 intra
589 949 669 1022 regni
696 950 738 1006 sui
764 947 832 1006 lines
859 948 1017 1008 subvertere
1039 953 1081 1008 ni·

112 1028 198 1099 titur,
224 1028 349 1102 pluribus
370 1031 511 1104 prosecuti
533 1039 598 1088 sunt
619 1032 691 1089 idem
712 1033 807 1091 Victor
828 1033 961 1109 vitensis,
988 1031 1080 1092 Possi-

1 1138 2 1186 j
114 1112 174 1169 dius
197 1111 369 1187 Calamensis,
392 1113 510 1190 Prosper
531 1115 691 1192 Aquitanus,
715 1118 879 1176 lastinianus
901 1119 968 1194 imp.
992 1120 1080 1177 etalii
1177 1123 1179 1129 ’

1 1209 2 1266 3
112 1198 205 1254 eiusce
227 1200 284 1254 aevi
305 1201 462 1273 scriptores.

177 1279 402 1354 HUNNEliiCUS,
425 1285 510 1340 maior
524 1283 652 1342 (leiserici
668 1284 750 1360 iilius,
771 1285 952 1344 vandalorum
973 1297 1001 1346 et
1016 1289 1078 1346 Aia·

22 1425 27 1430 ,
111 1382 210 1424 norum
233 1365 297 1439 iter,
321 1369 419 1425 Amano
439 1370 540 1443 pariter
554 1371 702 1428 suscitatus
723 1371 828 1444 lurore,
851 1370 1005 1429 Gatiroiicos
1027 1389 1078 1448 per

1 1453 2 1516 i
111 1460 199 1509 totam
220 1452 337 1510 iliricum
365 1454 484 1510 atrocior
510 1461 588 1527 patre
615 1462 775 1527 persecutns
801 1463 853 1511 est.
898 1455 952 1516 ileo
973 1457 1002 1512 in
1028 1474 1077 1514 eos

110 1537 188 1594 solos
209 1539 346 1594 saevitiam
370 1539 501 1608 exercuit,
523 1537 572 1594 sed
594 1539 673 1595 etiam
695 1539 723 1594 in
737 1541 923 1614 propinquos:
946 1556 1008 1596 nam
1031 1541 1078 1597 de·

1 1691 3 1702 7
109 1619 233 1679 siderans
260 1631 325 1694 post
352 1621 456 1678 obitum
483 1639 562 1678 suum
595 1621 686 1692 (verba
713 1631 778 1679 sunt
806 1623 921 1680 Victoris
950 1623 1077 1697 vitensis)

1 1713 2 1790 ζ
109 1707 185 1782 quod
199 1722 257 1762 non
279 1708 408 1781 contigit,
430 1721 546 1781 regnum
561 1723 641 1764 suum
657 1716 787 1780 statuere,
811 1707 1008 1766 Theodericum
1023 1709 1076 1765 ira·

1 1793 2 1818 *
109 1800 198 1864 trem,
227 1789 354 1866 filiosque
377 1792 449 1863 eius,
480 1790 665 1866 (lectorisque
686 1792 780 1848 fratris
807 1791 982 1853 nihilominus
1004 1792 1076 1850 iiiios

108 1875 257 1935 crudeliter
278 1879 367 1951 coepit
389 1877 506 1951 insequi,
529 1893 646 1952 quorum
662 1877 773 1934 nulium
795 1877 956 1950 dimitteret,
978 1879 1031 1934 nisi
1051 1879 1076 1934 ei

1 1960 3 1990 ³
108 1977 184 2018 mors
206 1960 333 2018 desiderii
354 1964 397 2019 sui
419 1961 586 2019 voluntatem
608 1962 738 2020 auferret.
783 1961 873 2019 Primo
897 1964 985 2021 scisus
1007 1979 1075 2020 uro·
1123 1959 1126 1964 '

2 2098 4 2110 ,
107 2062 166 2102 rem
189 2045 352 2104 'lireodorici
375 2048 466 2104 iratris
489 2053 615 2117 astutam,
639 2047 721 2106 credo
743 2063 778 2103 ne
792 2047 864 2104 iorte
886 2049 1013 2104 maritum
1028 2056 1076 2104 aut

109 2133 238 2188 maiorem
261 2129 360 2205 lilium,
384 2133 431 2208 qui
453 2133 573 2206 prudens
595 2138 624 2189 et
644 2134 753 2207 sapiens
774 2131 931 2203 videbatur,
954 2132 1075 2190 consiliis

109 2214 258 2274 acrioribus
287 2216 415 2273 adversus
446 2225 590 2289 tyrannum
617 2223 763 2286 armasset,
799 2217 910 2272 crimine
936 2218 1073 2290 apposito,

2 2359 3 2362 ,
109 2317 171 2358 eum
194 2297 311 2357 interfici
331 2300 415 2358 iubet.
458 2299 525 2357 Post
540 2301 673 2357 occiditur
694 2307 723 2357 et
743 2299 790 2358 iiie
812 2298 885 2356 fliius
899 2302 1006 2373 magnis
1029 2300 1074 2355 iit'·

108 2388 175 2442 teris
197 2385 356 2458 institutus,
384 2384 598 2442 cui-secundum
620 2384 844 2442 constitutionem
867 2383 1013 2456 Geiserici,
1038 2399 1074 2440 eo

2 2455 3 2522 ᾗ
109 2471 184 2545 quod
207 2471 293 2526 maior
315 2469 440 2526 omnibus
462 2477 553 2538 esset,
579 2485 695 2544 regnum
721 2469 793 2525 inter
821 2477 934 2543 nepotes
960 2468 1075 2542 potissi-

109 2571 183 2611 mum
206 2553 364 2614 debebatur.
409 2553 442 2610 Et
463 2554 545 2627 paulo·
567 2563 631 2630 post
652 2562 718 2612 tunc
740 2562 768 2611 ct
790 2553 922 2610 Gentonis
944 2553 1075 2610 maiorem

2 2687 3 2690 ,
108 2637 204 2712 filium,
227 2640 337 2696 nomine
353 2638 529 2714 Godegisum,
552 2656 618 2704 cum„
633 2653 718 2696 uxore
740 2637 841 2713 absque
862 2636 961 2694 solatio
983 2636 1075 2694 servili

110 2732 156 2780 aut
179 2722 299 2795 anciliae,
324 2723 426 2782 crudeli
449 2723 530 2780 exilio
553 2722 695 2800 delegavit.
732 2720 853 2780 Fratrem
869 2739 933 2779 vero
948 2721 1074 2778 Theodo-

108 2810 211 2881 ricum,
234 2817 298 2882 post
320 2810 485 2867 occisionem
508 2811 599 2866 uxoris
622 2818 650 2866 et
672 2808 735 2881 iiiii,
764 2808 866 2865 nudum
889 2816 970 2882 atque
991 2807 1074 2864 desti·

3 2919 5 2976 3
108 2899 198 2950 tutum
227 2893 352 2950 similiter
379 2895 506 2952 exulavit.
549 2892 616 2951 Post
643 2895 721 2952 ouius
748 2903 865 2950 mortem
892 2891 994 2964 lilium,
1028 2893 1075 2965 qui

3 2983 5 2992 '
107 2987 260 3056 supererat,
282 2978 453 3044 infantulum,
476 2979 598 3054 duasque
620 2977 689 3036 filias
711 2980 770 3035 eius
791 2978 911 3050 adultas,
932 2979 1073 3052 impositas
1091 2981 1124 3033 59

3 3053 4 3130 ζ
108 3066 191 3121 asinis
220 3063 331 3138 longius
359 3063 506 3139 affligendo
534 3065 658 3138 proiecit.
703 3063 755 3120 Sed
784 3071 812 3120 et
834 3062 952 3120 Comites
981 3079 1074 3138 quam-

3 3167 4 3170 *
107 3148 241 3223 plurimos
264 3156 292 3205 et
313 3148 418 3206 nobiles
439 3151 529 3224 gentis
545 3165 609 3205 suae
625 3147 821 3206 obiectionibus
837 3147 910 3204 salsis
926 3149 1073 3220 insectans,

3 3273 4 3278 ι
109 3232 143 3289 ob
166 3234 218 3290 hoc
241 3234 315 3306 quod
337 3250 465 3308 germano
488 3234 624 3305 faverent,
648 3233 715 3290 aiios
738 3233 874 3307 incendit,
896 3233 964 3289 aiios
992 3235 1072 3307 iugu-

108 3317 184 3388 lavit,
207 3318 329 3376 imitator
352 3319 480 3376 Geiseriei
502 3320 598 3394 patris,
620 3321 667 3393 qui
690 3318 733 3374 sui
754 3318 846 3376 fratris
860 3334 973 3375 uxorem
987 3316 1072 3390 ligato
1113 3353 1115 3358 -

3 3445 4 3449 ,
107 3402 229 3477 pondere
256 3403 378 3476 lapidum
405 3406 432 3462 in
455 3405 598 3479 Amsagam
625 3403 735 3461 flurium
763 3403 911 3462 Cirtensem
939 3403 1073 3458 limosum

4 3521 5 3552 1
107 3488 230 3546 iactando
259 3488 403 3563 demersit,
433 3497 461 3547 et
487 3497 552 3566 post
573 3506 668 3548 necem
695 3487 785 3548 fratris
811 3491 869 3546 eius
895 3485 966 3543 filios
988 3486 1073 3540 inter·

880 3579 922 3635 ὃ*
