2544 3852
513 231 560 282 no
579 231 664 284 von.
683 231 731 286 ιι.
932 233 934 236 ·
1042 229 1104 297 163

140 375 229 424 autem
251 367 419 443 Nicephorus
441 379 472 426 ut
495 379 522 428 et
538 370 658 426 Andreas
680 369 731 426 sub
747 370 837 427 Leone
853 387 962 446 magno,
986 381 1016 430 ut
1031 373 1102 447 ipse-

139 459 192 508 met
215 459 340 514 testatur.
385 453 422 510 De
444 455 498 512 hoo
519 471 602 529 porro
624 455 786 512 Fatuorum
804 454 897 527 festo,
921 457 960 512 uti
982 457 1101 532 appella·
1127 487 1133 490 -

140 545 185 591 tur
205 537 233 592 iu
256 536 375 595 Concilio
407 537 553 595 Basileensi
575 537 647 595 Sess.
672 539 711 595 21
741 539 792 595 sub
815 549 883 600 extr.
912 549 997 614 agunt
1025 558 1103 614 prae·

143 627 216 676 terea
244 619 382 696 cognatus
410 624 438 678 in
466 622 536 681 illst.
560 623 674 680 lernae.
704 633 732 680 et
755 623 884 680 Marlotus
907 626 934 680 ln
957 624 1102 698 Metropoli

137 702 262 762 Remensi
284 707 317 762 ad
339 723 382 764 an.
407 703 500 768 1509.

204 789 254 862 76,
277 789 328 848 20.
363 786 454 846 ὁτοῦ
475 790 692 865 τυραννοῦντος
713 779 810 864 πατήρ
833 783 993 870 ὁΦιοκᾶς]
1018 793 1103 862 Quem

138 875 177 930 sie
205 873 332 931 describit
362 875 564 950 LIuthpraqus
592 877 620 932 iu
640 875 736 950 Legat.
781 877 834 934 Cui
859 874 987 954 (mensae)
1011 885 1104 951 pater

138 961 253 1030 arsenii,
276 961 366 1031 ίιονιο,
392 968 425 1017 νε
446 961 514 1017 milri
533 961 693 1030 uidebatur,
716 968 803 1019 nutas
823 968 938 1019 centum
960 967 1101 1037 quiaqua-

137 1047 217 1118 piato
241 1047 342 1112 anais:
370 1049 420 1102 eoi
439 1046 549 1112 Itidem,
573 1047 698 1118 rupitne,
721 1047 829 1103 Graeci
848 1047 996 1120 laudibus,
1020 1051 1103 1106 immo

137 1131 258 1185 inuentis
280 1131 352 1200 sois,
376 1130 457 1186 Deos
477 1145 571 1186 aanor
591 1137 622 1187 ul
642 1133 825 1204 mala'plieet,
849 1134 1042 1189 conclamant.

204 1211 255 1286 76,
280 1211 329 1270 22,
361 1207 464 1289 Λέων]
488 1213 664 1270 Postmodum
686 1213 863 1289 Guropalates
886 1224 914 1274 et
934 1215 1102 1291 Logotlreta,

140 1311 221 1370 quem
243 1298 344 1371 pariter
367 1299 405 1355 ita
427 1298 549 1372 depingit
564 1297 634 1354 idem
648 1298 867 1372 Liuthpraudus:
889 1301 971 1358 ίιουτο
987 1305 1050 1373 ipse
1065 1303 1104 1358 ud

135 1396 294 1453 personam
314 1391 361 1440 eat
374 1397 527 1456 procerus,
542 1383 761 1455 fulminantia,
786 1387 835 1440 eui
854 1388 880 1440 ει·
897 1389 1007 1442 innisus
1020 1387 1102 1444 homo

134 1465 376 1538 firmamentum
399 1470 460 1524 eins
481 1465 655 1540 perforabit

204 1549 255 1622 74,
271 1549 322 1612 25.
345 1539 492 1626 κατήγαγε
506 1546 673 1627 θρίαμβον]
698 1549 737 1606 Ob
755 1559 795 1607 tot
812 1553 936 1608 victorias
952 1541 1116 1630 Νινητής,

139 1651 188 1690 seu
220 1593 325 1706 Victor,
348 1635 510 1710 appellatus,
534 1643 619 1692 uter
642 1634 776 1708 symeone
796 1635 950 1710 logotheta
972 1635 1103 1694 doeemur

138 1721 166 1776 In
189 1718 340 1776 Alexandro
367 1736 393 1774 n
418 1720 434 1776 1
459 1727 486 1775 et
510 1731 543 1775 ex
566 1697 707 1792 anonymo
731 1717 925 1776 Combelisiano
956 1723 983 1777 in
1007 1722 1103 1778 eodem

139 1791 332 1860 Alexandrou.
351 1803 380 1876 1,
403 1805 430 1859 iu
452 1801 590 1885 lacapeno
614 1822 640 1866 n
654 1802 695 1859 44
718 1811 746 1860 et
768 1805 795 1860 In
809 1803 981 1880 Porphyrog
1006 1821 1033 1866 ιι.
1050 1804 1101 1868 41.

139 1883 317 1956 Καλλίνικος
340 1887 411 1962 apud
433 1887 626 1982 Seylitzemp.
651 1887 722 1950 648.
955 1932 958 1937 -

203 1965 367 2045 78,111ν
390 1969 427 2052 ep*
449 1964 551 2053 εἰσόδῳ
574 1970 609 2052 τή
631 1959 705 2045 πρὸς
727 1965 758 2030 τὸ
782 1962 1011 2049 θυσιαστήριον]
1036 1973 1102 2031 Rem

138 2057 218 2112 etiam
241 2065 339 2120 narrat,
362 2057 410 2113 secl
433 2057 523 2132 paullo
546 2058 634 2129 aliter,
657 2056 837 2133 Seylitzesp.
860 2057 931 2116 648.
971 2057 1102 2115 Observa

138 2141 225 2196 vimus
252 2142 280 2196 In
307 2149 401 2198 nostra
430 2141 667 2216 Constantinopoli
694 2141 793 2199 Christ.
822 2141 869 2199 lib.
898 2143 926 2199 3.
956 2151 1024 2200 seet.
1048 2142 1101 2216 42,

139 2241 199 2282 eum
223 2225 289 2281 solis
312 2225 498 2282 sacerdotibus
522 2226 599 2282 hema
621 2228 744 2320 pervipm
764 2235 853 2297 esset,
875 2223 1037 2283 conoessum
1062 2236 1101 2282 ta-

140 2325 201 2366 men
223 2311 396 2384 Imperatori,
425 2303 500 2366 κατά
520 2329 586 2366 τινα
609 2297 739 2365 παλαιὰν
761 2269 943 2384 παρά8οσιν,
973 2309 1102 2366 111ιιι1ιιι·

140 2394 227 2468 gredi,
254 2411 313 2451 eum
342 2411 417 2450 sacra
446 2395 515 2452 dona
542 2393 682 2451 oblaturus
711 2401 799 2464 esset,
827 2411 860 2450 en
880 2393 991 2466 Svuodo
1015 2393 1101 2450 Irull.

139 2495 200 2537 ean.
223 2479 272 2536 69
309 2479 358 2536 llio
381 2496 444 2536 vero
468 2480 617 2554 Imperator
638 2477 732 2548 Foras,
755 2487 819 2552 post
841 2487 950 2552 peraeta
973 2477 1102 2552 nuptiaIIa

140 2571 304 2620 sacramenta
327 2557 368 2638 (ἐν
390 2561 465 2642 ναῷ,
489 2572 519 2620 ut
541 2571 583 2620 est
604 2565 632 2618 in
646 2561 823 2659 Euohologio
839 2580 868 2655 p.
882 2559 953 2636 385)
978 2579 1038 2618 oum
1053 2561 1102 2617 Pa·

139 2647 284 2704 triaroha
276 2664 304 2703 ιιι
325 2647 431 2704 hema'
424 2665 609 2726 ingressurus,
633 2635 673 2715 (ὃς
696 2640 767 2714 ἔθος
787 2630 879 2725 αὐτῷ,
902 2645 934 2702 ab
957 2645 1005 2702 illo
1028 2662 1102 2703 aree·

140 2740 184 2788 tur
206 2731 237 2787 ab
260 2731 355 2788 eodem
377 2732 543 2789 Patriareha:
573 2731 643 2788 unde
666 2731 763 2790 eonIIoi
791 2731 916 2802 daretur,
946 2747 976 2786 ea
999 2736 1102 2804 tempe·

140 2823 211 2871 state
234 2815 456 2889 Imperatorem
448 2832 475 2872 ιιι
498 2816 603 2874 bemate
626 2816 717 2872 sedem
745 2831 820 2872 suam
843 2813 978 2872 habuisse.
1023 2814 1102 2872 Certe

140 2907 236 2954 auotor
256 2901 375 2956 incertus
398 2911 462 2974 post
484 2901 705 2976 Theophanem
698 2918 726 2956 m
741 2900 832 2955 Leone
847 2901 973 2956 Armenio
997 2917 1024 2974 p.
1039 2898 1101 2956 439

139 2993 257 3040 testatur
278 2984 457 3076 imperatores
487 2983 563 3042 bema
590 2985 697 3060 Ingredi
723 2985 835 3041 solitos:
864 2977 914 3038 καὶ
942 2971 1103 3059 προελθοιν

139 3088 175 3148 τη
203 3065 336 3144 Χριστοῦ
362 3057 521 3163 γεννήσει
527 3064 558 3124 ἐν
585 3067 621 3148 τή
649 3061 803 3146 ἐκκλησία,
832 3063 973 3140 είσηλθεν
1002 3060 1033 3122 ἐν
1059 3087 1101 3150 τρι

139 3149 358 3232 θυσιαστηρίῳ,
388 3171 463 3209 κατα
490 3141 523 3208 τὸ
547 3147 619 3222 ἔθος
639 3150 698 3209 τῶν
718 3123 821 3228 βασιλὲ
822 3171 863 3208 ων
886 3151 1102 3214 οῑο.81111οιο

141 3244 232 3294 tamen
250 3239 353 3312 ailquot
370 3237 544 3310 Ecclesiae,
537 3255 563 3295 m
582 3255 694 3312 quarum
713 3239 819 3294 hemata
835 3237 972 3313 quibusvis
995 3235 1103 3312 Ingredi
1146 3233 1154 3254 '

140 3320 180 3378 las
203 3332 271 3394 erat,
294 3339 326 3379 en
348 3324 441 3380 neseio
465 3339 519 3397 quo
534 3325 639 3380 incerto
663 3339 694 3378 ao
709 3321 825 3379 tolerato
842 3322 935 3380 abusu.
971 3319 1103 3378 Scholion

140 3406 173 3463 ad
196 3405 258 3462 Can.
276 3407 315 3464 69
339 3406 441 3481 Synodi
456 3407 611 3464 l'rullanae:
634 3403 817 3508 uppelmpm
816 3395 867 3462 τὸν
889 3397 1025 3480 παρόντα
1047 3424 1101 3461 κα-

140 3480 228 3564 νόνα,·
252 3484 304 3547 καί
328 3485 457 3564 φύλαττε
480 3508 599 3549 τουτον·
623 3477 680 3546 κᾶν
703 3479 761 3567 ε’γῶ
783 3477 838 3547 οὐκ
860 3477 1021 3564 ἠδυνήθην
1045 3508 1102 3546 am·
1164 3495 1166 3500 ’

897 3587 949 3637 w
