2544 3852
518 180 568 230 AD
585 180 669 234 VOL.
689 181 735 235 IV.
1048 179 1110 244 183

145 319 265 376 Meminit
291 336 374 394 porro
398 318 529 392 Scylitzes
558 321 689 375 variarum
717 319 872 376 insidiarum
900 323 927 376 in
955 321 1108 378 Constanti·

143 422 208 461 trum
235 405 332 461 Ducam
360 410 539 474 structarum,
567 407 675 460 tametsi
698 421 789 460 carum
818 412 945 462 auctores
974 423 1030 462 non
1058 422 1107 462 no·

144 491 237 546 minet.

142 603 150 607 -
208 573 279 635 200
302 572 351 630 29.
377 589 452 626 κατα
467 560 522 644 τήν
544 558 682 644 εἰκοστὴν
696 568 814 649 τρίτην]
837 572 916 628 Extat
938 575 1010 630 inter
1025 573 1108 630 Pselll

145 657 309 732 0puscula
302 673 330 712 m
352 656 413 713 cod.
436 673 495 732 reg.
519 657 567 714 lol.
591 657 631 715 93
655 657 807 714 llonodia
800 675 827 714 ιο
843 658 915 714 bunc
937 666 1026 715 terrac
1048 675 1108 715 mo-

145 751 214 814 tum,
236 743 290 798 boc
310 741 407 798 titulo:
430 731 523 808 εἰς
492 759 545 797 τον
567 727 688 816 σεισμὸν
708 733 761 798 τὸν
783 731 924 834 γεγονότα
939 739 975 821 τῇ
990 737 1108 820 εἰκοστῇ

145 822 229 902 τρίτη
249 822 304 882 τοῦ
326 821 532 920 Σεπτεμβρίου
553 819 646 900 μηνὸς
667 825 721 882 τοῦ
742 815 933 901 Προόρόμου.

209 911 284 981 200,
307 910 358 968 32.
394 899 442 965 ὅτε
470 904 521 966 καὶ
543 905 575 968 τὸ
599 904 675 968 κατὰ
698 902 830 980 Κύζικον
854 905 1032 982 Ελληνικόν
1054 929 1106 966 κα

110 1003 113 1007 ’
144 989 244 1052 τέκεσι
266 987 399 1072 τέμενος]
428 995 494 1052 Vide
517 1013 585 1069 quac
608 997 641 1053 ad
667 996 808 1053 Philonem
831 997 864 1052 de
887 1005 992 1071 septem
1014 995 1108 1054 mundi

145 1079 279 1137 miraculis
300 1087 497 1136 commentatur
519 1081 574 1138 Leo
597 1081 723 1138 llllatius.

213 1163 285 1235 201,
310 1165 338 1220 1.
373 1158 423 1218 καὶ
446 1155 510 1220 ὁέν
532 1162 648 1242 Νικαίᾳ
670 1163 730 1221 τῶν
752 1156 846 1239 ἁγίων
860 1159 997 1238 πατέρων
1019 1151 1106 1242 ναὸς]

145 1249 272 1305 Nicaeam
294 1250 380 1304 maior
402 1247 535 1321 Ecclesia,
558 1250 588 1308 S.
611 1250 741 1324 Sophiae,
766 1250 878 1323 perinde
901 1267 931 1306 ac
954 1249 1107 1306 Constanti·
1188 1288 1190 1294 ,

145 1333 313 1431 nopolitana,
336 1333 432 1404 di'oata,
456 1333 629 1391 Sanctorum
644 1335 766 1390 Patrum
782 1335 917 1392 Ecclesia
933 1337 1049 1404 dicitur,
1073 1333 1108 1390 ob

146 1427 256 1476 coactos
279 1419 306 1474 in
330 1433 360 1473 ea
380 1417 493 1474 Sanctos
516 1417 638 1475 Patres'
631 1426 660 1474 m
673 1419 760 1492 primo
776 1417 896 1475 Concilio
911 1418 1037 1489 Nicaeno,
1060 1418 1107 1474 sed

146 1511 174 1558 et
196 1505 223 1557 in
245 1501 375 1560 secundo
407 1501 503 1559 Nescio
526 1519 610 1576 porro
633 1520 666 1558 an
690 1502 722 1557 ad
745 1503 823 1558 istius
845 1502 1005 1595 Sophianae
1018 1502 1108 1560 Eccle-

145 1589 200 1642 siae
223 1589 327 1642 ruinam
349 1585 444 1642 referri
468 1585 564 1642 debeat
587 1587 669 1643 Pselli
691 1577 778 1686 λόγος
808 1581 849 1654 εἰς
871 1574 927 1656 τὴν
949 1584 1000 1659 τῆς
1021 1579 1108 1660 ἁγίας

145 1667 263 1741 Σοφίας
284 1662 468 1743 σύμπτωσιν,
498 1673 544 1745 qni
566 1670 764 1728 describitur
756 1687 785 1726 ιο
808 1670 867 1727 cod.
891 1687 1004 1746 operum
1025 1670 1108 1726 Pselli

146 1757 224 1831 regio
247 1755 294 1812 iol.
320 1756 370 1828 63,
394 1773 428 1812 an
449 1771 514 1812 vero
536 1755 568 1810 ad
591 1765 679 1812 terrae
702 1763 815 1827 motum,
839 1771 918 1828 quern
942 1754 991 1810 sub
1014 1755 1108 1810 Alexio

144 1841 274 1897 accidisse
296 1839 388 1896 scribit
409 1838 538 1912 Zonaras,
561 1842 667 1896 tametsi
690 1857 745 1896 non
767 1840 884 1914 legimus
900 1857 932 1895 eo
948 1855 1107 1896 concussam

146 1925 188 1981 vel
211 1923 395 1980 labefactatam
417 1923 509 1980 aedem
533 1925 694 1999 Soplrianam
718 1924 1052 1998 Constantinopolitanam

211 2007 282 2081 201,
306 2009 335 2066 8.
364 1997 545 2079 lodovici
569 2003 738 2086 Ξιφιλῑνος]
769 2009 834 2064 Vide
858 2025 925 2082 quae
948 2008 981 2064 de
1004 2026 1037 2066 eo
1061 2008 1109 2065 ob·

147 2109 285 2150 servamus
308 2093 339 2148 ad
362 2095 464 2148 Annam
487 2093 649 2150 Comnenam
671 2112 697 2167 p
722 2093 793 2152 267.

211 2177 282 2247 201,
298 2177 348 2233 24.
372 2170 428 2250 τὴν
443 2169 497 2249 μὲν
512 2173 666 2253 βααιλελαν
681 2171 872 2232 καταλέλοιπε
887 2170 982 2248 τρισὶν
997 2171 1106 2253 υἱέσιν]

146 2262 244 2318 Scribit
271 2262 376 2318 Pscllus
403 2263 431 2318 in
455 2263 522 2318 Hist.
546 2262 752 2318 Constantinum
781 2262 878 2316 bucam
908 2269 963 2316 tres
987 2259 1058 2317 lilios
1081 2271 1109 2317 et

147 2347 213 2402 duas
236 2345 305 2402 filias
328 2355 390 2402 autc
412 2347 539 2420 adeptum
563 2347 705 2420 imperium
728 2344 869 2408 babuisse,
899 2362 1016 2418 quorum
1039 2343 1108 2410 lilio·

147 2448 207 2487 rum
229 2430 365 2488 secundus
388 2439 504 2487 mortem
528 2430 594 2486 obiit
616 2437 691 2504 patre
714 2438 771 2486 tum
787 2431 948 2504 imperante:
972 2429 1040 2485 alter
1062 2429 1109 2484 lli-

146 2515 222 2572 ebael
245 2516 418 2589 postmodnm
435 2515 597 2589 imperator:
622 2516 717 2570 tertius
733 2531 797 2570 vero
813 2513 992 2570 Andronicus.
1031 2512 1109 2569 Filia-

147 2617 207 2656 rum
230 2601 315 2674 prima
337 2601 417 2655 vitam
440 2599 621 2656 llonachicam
640 2599 759 2672 amplexa
782 2605 837 2668 est,
862 2599 940 2654 etiam
956 2605 1108 2671 superstes,

147 2684 301 2742 cumidem
324 2683 429 2740 Pscllus
457 2683 606 2740 scribebat:
635 2683 719 2740 altera
747 2684 804 2738 viro
833 2683 943 2756 nupsit,
971 2681 1108 2738 Dominico

148 2769 218 2824 lorte
242 2768 332 2842 Sylvio
357 2768 520 2824 Venetorum
550 2769 626 2838 buci,
658 2769 698 2824 uti
720 2768 860 2823 docuimus
889 2767 916 2821 in
944 2765 1036 2824 lamii.
1060 2767 1110 2840 By·

147 2853 276 2909 zantinis:
300 2869 360 2908 nam
376 2853 499 2926 coniugis
523 2851 647 2908 lamiliam
669 2853 731 2908 silet
754 2852 867 2930 Pscllus.
902 2851 968 2908 Post
983 2851 1109 2924 adeptum

146 2954 212 2993 vero
227 2936 371 3011 lmperiurn
386 2935 578 2992 Constantinus
593 2935 845 3010 porphyrogenitus
861 2945 940 2990 natus
957 2944 1009 3006 est,
1030 2951 1109 3008 quem

147 3021 254 3078 duobus
283 3021 348 3077 locis
377 3019 580 3092 Constantium,
608 3021 670 3076 alibi
699 3019 905 3076 Constantinum
934 3029 1011 3076 vocat
1039 3019 1112 3076 idem

146 3105 274 3180 scriptor.

212 3191 288 3261 201,
319 3189 368 3250 25.
409 3179 428 3261 ἡ
456 3178 594 3255 σύνοικος
621 3177 769 3264 Εὐδοκία]
808 3188 918 3246 llicbael
948 3187 1053 3243 Pscllus
1082 3189 1111 3243 in

148 3275 217 3330 Hist.
239 3274 359 3332 nondum
387 3274 458 3330 edita
480 3271 561 3328 tradit
583 3271 624 3327 bis
650 3275 757 3346 nuptias
780 3273 873 3328 iniisse
904 3271 1111 3328 Constantinum

147 3360 244 3415 bacam
267 3359 354 3415 adbuc
375 3361 524 3462 privatum:
553 3374 584 3414 ac
606 3359 693 3430 primo
717 3356 826 3454 quidem
854 3373 914 3414 cum
944 3355 1028 3412 nobili
1052 3362 1112 3410 orta

148 3459 259 3518 genere,
287 3451 319 3500 ut
346 3461 414 3516 quae
436 3431 476 3518 ἦν
498 3443 568 3512 παῖς
595 3435 727 3512 ἐκείνου,
756 3457 791 3496 ον
818 3434 850 3498 τὸ
879 3435 933 3516 μὲν
961 3427 1111 3515 χοιρίονὴ
