2550 3854
522 239 571 292 an
590 241 673 292 von.
693 241 739 296 rr,
1051 243 1109 310 131

147 379 282 450 Zonaras,
309 387 337 435 et
358 377 442 436 Leoni
465 379 658 454 Grammatico,
685 389 713 438 et
735 381 840 438 auctori
862 379 989 439 Chronici
1010 383 1110 440 Princi-

147 480 213 536 pum
228 464 373 520 Beneventi
395 471 424 520 et
438 462 541 520 Salerni
550 457 724 539 ῌΑγγαίων
740 465 890 540 Scyllaeo,
910 456 1017 541 'Ergino
1039 471 1111 524 Ano·

147 563 228 621 uymo
251 546 445 604 Combeiisiano
474 566 502 606 ιι.
526 549 544 607 6
573 550 681 607 dicitur.
725 547 911 624 Principatnm
939 560 1029 608 autem
1051 555 1112 608 iniit

147 631 193 688 ille
215 633 363 689 auncurt
386 632 506 707 obiitque
529 649 571 693 an.
589 634 661 708 880,
684 645 715 692 ut
737 643 780 692 est
802 634 872 710 apnd
887 634 993 710 Lupum
1015 637 1111 693 Proto·
1170 643 1172 650 ⁴

149 715 297 791 spatham.
326 717 424 774 Audita
446 719 497 774 Aio
519 719 609 776 basilii
631 727 736 792 morte,
759 719 889 794 reliquas,
913 737 981 794 quae
1003 721 1111 777 Graecis

145 802 174 856 in
195 799 383 876 longobardia
405 802 544 876 parebant,
567 803 658 878 urbes,
683 803 847 878 posthabitis
870 821 938 878 qnae
954 821 1015 861 oum
1031 805 1111 861 Grae·

147 887 185 942 cis
208 888 349 961 pepigerat
370 885 537 954 foederibus,
560 905 611 944 suo
635 892 752 946 assernit
773 888 898 964 Imperio,
925 889 999 964 qnod
1014 891 1043 946 in
1065 906 1111 945 an·

145 986 210 1025 uum
232 972 382 1027 secundum
404 970 502 1027 Leonis
524 971 682 1048 Philosophi
705 975 814 1030 coniicit
836 971 966 1047 Scylitzes
988 991 1015 1047 p.
1038 973 1110 1044 595,

147 1056 193 1128 qui
215 1063 257 1110 est
279 1056 378 1112 Christi
401 1055 474 1127 887,
497 1073 552 1130 quo
576 1058 683 1131 quidem
708 1075 779 1114 anno
802 1057 948 1132 imperabat
972 1057 1110 1116 Occidenti

146 1137 258 1195 Carolus
282 1149 466 1214 cognomento
489 1141 613 1213 Crassus,
636 1145 713 1199 cuins
736 1159 822 1217 gener
843 1142 928 1200 luisse
947 1143 1046 1200 dicitur
1060 1145 1109 1199 Aio

145 1222 264 1282 Zonaras
286 1233 314 1280 et
336 1225 478 1299 Scylitzae,
500 1227 542 1282 vel
565 1236 638 1283 certe
651 1229 761 1330 regis
756 1227 896 1299 llranciac,
920 1229 1042 1324 quisquis
1064 1227 1110 1283 ille

145 1307 242 1365 luerit:
264 1300 280 1366 ὁ
304 1303 336 1365 δὲ
351 1303 579 1384 Λογγιβαριιίας
595 1297 676 1381 Δοῦξ
662 1307 804 1387 §Aptuca
825 1315 879 1368 τοῦ
897 1301 1109 1386 ῬηγὸςΦραγ-

145 1389 211 1466 γίας
232 1389 388 1470 τυγχάνων
409 1387 550 1492 γαμβριις.
595 1395 650 1452 Sed
669 1399 727 1452 sive
748 1412 839 1470 gener
861 1398 914 1453 hoc
936 1397 997 1454 loco
1020 1413 1109 1452 suma·

146 1485 191 1534 tur
205 1497 256 1554 pro
279 1479 348 1536 filiae
371 1481 476 1550 marito,
500 1479 556 1534 sive
578 1497 628 1554 pro
644 1479 735 1554 aliine,
757 1479 799 1536 uti
821 1481 956 1537 interdum
979 1482 1047 1537 hanc
1062 1498 1108 1537 vo·

145 1579 202 1620 cem
225 1581 238 1620 a
262 1565 370 1620 Graecis
392 1563 506 1638 perinde
529 1581 561 1620 ao
581 1561 683 1620 Latinis
706 1573 861 1638 usurpatam
891 1565 1059 1621 ostendimus
1081 1567 1109 1620 in

144 1647 219 1704 notls
243 1649 276 1704 ad
291 1647 453 1718 diomedem,
478 1647 635 1705 allinitatem
651 1650 719 1706 hanc
735 1650 851 1706 omisere
866 1651 1013 1723 scriptores
1027 1649 1108 1705 Fran·

47 1749 52 1758 ·
144 1733 202 1788 cici.
238 1731 272 1788 Ut
294 1749 377 1807 porro
399 1735 449 1788 Aio
477 1733 505 1788 in
528 1733 644 1790 Graecos
667 1736 845 1790 insurrexerit
866 1735 962 1790 recitat
985 1732 1108 1789 Erchem·
1199 1775 1201 1779 ,

145 1827 238 1890 pertus
253 1817 319 1891 cap.
344 1817 398 1874 66:
427 1819 500 1874 idem
526 1820 578 1874 Aio
605 1820 746 1875 aduersus
770 1821 930 1891 Augustole
956 1819 1109 1876 dominium

143 1904 308 1960 rebellionis
335 1905 458 1976 turpium
483 1905 613 1960 initiavit.
664 1903 724 1958 lior
747 1919 804 1978 cap.
830 1903 868 1960 at
898 1911 929 1959 ut
956 1905 1024 1975 Aio,
1050 1902 1108 1958 hari

144 1985 252 2044 Graecis
276 1994 380 2061 erepta,
404 1987 534 2044 Graecos
548 1991 749 2062 impugnantes
763 2003 795 2045 se
809 1991 1020 2062 improperaverit
1035 2003 1108 2043 corn-

142 2079 281 2127 memorat.
319 2075 426 2128 Annum
441 2087 506 2128 vero
523 2082 616 2146 captae
631 2073 704 2128 Raris
720 2081 797 2129 notat
811 2072 1007 2146 Protospatha:
1031 2089 1108 2128 enno

143 2155 204 2214 886
225 2155 312 2228 sacta
325 2157 385 2228 fuit
398 2159 521 2227 proditio
537 2162 565 2214 tn
581 2157 663 2213 Baro
678 2172 773 2214 mense
788 2158 873 2222 Iunii,
891 2159 1006 2230 quando
1022 2155 1107 2212 Prin-

144 2256 215 2312 ceps
229 2237 305 2315 (Aio)
322 2235 551 2313 fecit'proeir'um
567 2258 630 2297 cum
647 2248 774 2314 strotepo
793 2242 919 2312 Trapeza·
934 2248 961 2296 et
977 2241 1106 2296 Graecis.

143 2323 193 2392 Qui
215 2341 281 2381 vero
300 2327 427 2398 Trapeza*
447 2326 492 2381 hic
513 2327 679 2396 nominatur,
702 2329 724 2380 is
747 2332 789 2380 est
811 2323 1005 2382 Constantinus
1022 2324 1108 2379 Patri-

141 2411 199 2464 cius
222 2401 271 2464 ἕιιι
294 2407 346 2484 τῆς
367 2405 521 2484 τραπέζης,
544 2425 593 2465 sen
607 2409 763 2466 Praefectus
778 2411 869 2482 regiae
883 2425 1001 2482 mensae,
1026 2424 1106 2480 quem
1158 2435 1159 2438 ¹

144 2510 205 2550 cum
228 2494 444 2552 Occidentalibns
465 2493 620 2570 legionibus
644 2502 739 2550 contra
761 2495 873 2550 dionem
896 2494 968 2549 misit
983 2492 1037 2548 Leo
1054 2495 1107 2547 hu·

142 2587 255 2652 gustus:
283 2581 400 2654 dignitas
429 2582 500 2636 enim
522 2583 576 2635 rori
607 2571 654 2633 ἐπὶ
676 2571 822 2650 τραπέζης
850 2577 920 2652 apud
943 2576 1107 2650 Byzantinos

142 2663 235 2720 eadem
257 2663 309 2721 luit
325 2681 394 2738 quaa
410 2664 481 2738 apud
497 2681 547 2720 nos
562 2663 678 2738 Dapileri
695 2671 723 2720 et
738 2663 892 2728 Senescalli,
917 2679 997 2736 quem
1013 2661 1105 2718 Proe-

44 2777 47 2781 ·
138 2749 251 2820 sectum
278 2753 376 2823 regiae
400 2765 517 2806 mensae
542 2757 620 2806 vocat
642 2747 813 2824 Eginhardus
836 2749 861 2802 in
886 2748 939 2802 rita
961 2745 1048 2802 Caroli
1071 2744 1105 2804 ιι.

142 2831 312 2908 Magistrum
333 2837 431 2908 regiae
445 2849 562 2890 merasce
577 2833 722 2890 Monachus
745 2831 928 2908 sangallensis
952 2831 981 2905 2,
1005 2831 1034 2904 9,
1058 2846 1105 2887 cn·

141 2919 185 2974 ins
204 2927 317 2992 praeter
331 2917 462 2974 Codicum
485 2920 607 2974 meminit
622 2918 878 2992 Porphyrogenitus
893 2916 927 2972 de
943 2915 1019 2973 Adm.
1037 2914 1104 2990 lmp.

140 3021 199 3078 cap.
225 3002 275 3062 51.
320 3005 354 3058 At
377 3003 490 3074 cladem,
514 3019 594 3076 quam
614 3002 747 3073 Zonaras,
770 3001 912 3076 Scylitzes‚
935 3003 1104 3074 Anonymus‚

139 3096 167 3144 ιι
189 3087 244 3144 beo
268 3088 460 3157 Grammaticus
483 3103 593 3161 passum
616 3087 822 3144 Constantinum
845 3094 966 3157 narrant,
989 3101 1103 3159 prorsus

139 3175 255 3230 reticent
282 3175 430 3246 scriptores
457 3170 647 3246 Lon'gobardi‚
684 3173 736 3227 nisi
765 3170 836 3226 lorte
869 3171 988 3226 extiterit
1015 3172 1043 3225 in
1071 3185 1104 3224 eo

140 3257 241 3330 praelio
265 3257 337 3332 quod
360 3273 420 3313 cum
443 3257 491 3314 illo
513 3257 572 3312 iniit
594 3258 643 3312 Aio
666 3263 730 3331 post
753 3263 858 3329 captam
874 3255 970 3327 barim,
993 3253 1104 3326 dequo

139 3339 329 3418 Protospatha.
374 3341 476 3398 Sedet
499 3339 614 3397 Graecos
642 3340 673 3397 ab
697 3343 782 3396 hicne
810 3342 927 3414 primum
949 3345 1103 3413 superatos,

139 3425 238 3482 dehinc
253 3443 266 3482 a
282 3425 459 3484 Constantino
475 3426 590 3482 Patricio
606 3426 672 3482 adeo
688 3424 865 3500 profligatum
877 3424 1011 3481 hionem
1004 3439 1101 3498 ipsum,
1121 3419 1154 3470 86

140 3518 170 3566 ut
192 3509 279 3567 Barim
302 3513 401 3568 reverti
423 3513 465 3567 vir
488 3511 513 3568 ei
535 3509 650 3576 licuerit,
673 3512 770 3568 recitat
784 3509 1033 3582 Erclrempertusc.
1051 3506 1100 3564 76.

911 3605 950 3656 9*
