2550 3854
217 243 277 308 138
554 245 838 308 ANNOTATIONES

212 393 277 460 ptus
300 393 356 442 est:
380 403 435 459 quo
458 385 530 442 lacto
558 401 671 460 magnus
702 386 783 442 timor
810 387 838 442 in
867 385 1042 442 obsessorum
1060 388 1185 444 'animos

210 471 328 525 iniectus
350 478 402 526 est.
433 470 560 526 llostium
582 479 672 526 tamen
688 473 893 544 oppressionem
914 471 1086 528 sustinebant
1099 487 1185 546 egre·

212 555 251 629 gii
272 553 311 610 illi
334 556 381 611 viri
403 555 534 629 valdeque
561 555 668 612 strenui
696 555 747 612 sub
773 557 899 630 auspiciis
927 553 1076 612 beatissimi
1100 555 1183 611 lincis

212 639 330 711 Patricii,
353 655 527 713 summaeque
550 639 629 696 huius
653 641 822 696 contentioni
838 638 1022 696 obsecundare
1044 638 1183 696 conaban-

213 733 267 793 tur,
291 740 372 797 supra
393 740 474 797 quarn
497 725 621 780 oratione
643 723 770 798 explicari
793 726 888 798 possit.
923 723 983 780 Dies
1007 725 1111 798 viginti,
1137 734 1183 780 to·

215 808 351 882 tidemque
373 817 484 880 noctes,
511 808 556 864 ubi
578 823 672 864 murus
696 817 837 866 corruerat
860 817 954 864 contra
982 809 1099 882 eosqui
1123 808 1182 864 adl·

213 902 271 950 tum
289 909 321 950 ex
337 892 384 949 illa
399 901 476 968 parte
490 892 641 965 tentabant,
664 895 776 968 egregie
791 901 958 966 strenueque
974 892 1181 967 depugnabant,

213 979 293 1034 animi
315 979 464 1051 ingenitam
486 976 654 1034 nobilitatem
681 994 746 1052 prae
774 994 803 1034 se
826 977 1011 1033 declarabant:
1043 977 1180 1051 insignem

214 1079 325 1138 qnoque
347 1063 453 1118 laudem
475 1079 536 1118 esse
559 1061 693 1118 ducebant
715 1079 766 1136 pro
789 1061 889 1118 tuenda
910 1061 976 1118 urbe
992 1061 1103 1118 vulnera
1118 1068 1179 1118 toto

213 1163 329 1220 corpore
352 1149 484 1221 excipere.
516 1147 569 1202 lam
585 1163 647 1203 vero
670 1148 769 1221 siquis
792 1147 825 1203 ad
847 1145 914 1202 illud
931 1144 1004 1202 urbis
1018 1161 1177 1220 propugna-

213 1229 304 1289 culum
332 1246 362 1286 se
391 1231 566 1302 contulisset,
597 1231 670 1306 quod
694 1231 842 1288 Adversum
869 1231 944 1305 vulgi
971 1227 1096 1286 sermone
1127 1231 1178 1285 dici

156 1323 196 1372 90
213 1313 400 1386 consueverat,
423 1315 574 1390 permultos
597 1315 633 1372 ibi
655 1317 728 1372 viros
750 1323 859 1390 poterat
880 1315 980 1372 intueri
995 1315 1069 1370 miris
1092 1315 1179 1370 diecr-

213 1403 305 1474 sisque
328 1400 414 1456 modis
437 1401 586 1458 mutilatos.
617 1399 698 1456 Erant
721 1403 767 1475 qui
788 1401 902 1456 eilossos
926 1399 1021 1456 oculos
1036 1397 1177 1472 baberent,

214 1486 255 1541 his
279 1483 386 1558 quidem
410 1501 489 1542 nares
513 1493 638 1556 truncae,
669 1485 710 1544 his
733 1502 796 1542 vero
819 1501 898 1541 aures
920 1483 1101 1541 cernebantur
1123 1499 1178 1538 arn·

213 1577 334 1644 putatae,
356 1570 414 1626 aliis
437 1569 598 1644 palpebrae,
622 1569 681 1626 aliis
703 1570 826 1626 maxillae
848 1586 880 1625 ex
903 1570 1021 1626 telorum
1043 1576 1072 1623 et
1094 1569 1178 1641 sagit·

213 1663 302 1710 tarum
324 1653 422 1711 ictibus
445 1657 577 1730 sanguino
598 1653 787 1725 rubescebant,
810 1653 969 1728 quibusdam
990 1654 1066 1708 frons
1089 1661 1116 1709 et
1130 1669 1179 1708 cor

213 1741 294 1795 etiam
322 1739 411 1812 ipsum
439 1739 526 1794 modis
554 1740 632 1795 variis
655 1738 862 1796 vulnerabatur:
891 1746 985 1795 venter
1013 1737 1090 1805 altis,
1119 1736 1178 1792 aliis

212 1832 308 1898 pectus
331 1825 448 1896 acceptis
470 1823 628 1879 vulneribus
650 1822 774 1896 patebat,
799 1831 880 1896 atque
902 1831 933 1879 ut
955 1821 1116 1894 compendio
1138 1819 1178 1875 di·

208 1923 287 1978 cam,
318 1923 372 1962 non
401 1906 490 1980 aliqua
519 1916 639 1980 tantum,
667 1907 715 1963 sed
744 1910 817 1964 omni
846 1925 878 1964 ex
905 1914 982 1982 parte
1011 1903 1176 1961 laborabant.

212 1990 312 2046 Hostes
335 1992 405 2046 enim
429 1992 495 2047 totis
510 1992 595 2064 copiis
611 1990 705 2047 urbem
720 1991 890 2062 obsidebant,
913 1999 1045 2064 erantque
1061 2004 1176 2046 numero

103 2077 105 2082 ’
208 2076 369 2148 superiores
397 2074 480 2148 adeo,
509 2083 540 2130 ut
561 2084 671 2131 centum
699 2093 733 2133 ex
755 2076 809 2132 illls
837 2075 921 2151 (quod
950 2076 992 2130 vix
1020 2075 1176 2148 assequitur

212 2154 302 2235 fidem)
326 2175 386 2215 cum
409 2177 463 2216 uno
487 2177 501 2216 e
524 2162 624 2216 nostris
648 2176 741 2216 manus
757 2167 941 2228 consererent,
965 2159 1107 2234 gloriaque
1121 2174 1179 2214 non

211 2243 317 2318 uulgari
348 2245 534 2319 antagonistas
564 2254 697 2320 augerent
727 2248 854 2320 egregiae
876 2245 984 2300 virtutis
1012 2243 1084 2299 lacto
1107 2243 1177 2316 peri·

209 2328 285 2384 culo.
331 2327 461 2403 Equidem
483 2329 646 2387 athletarum
668 2330 787 2386 studium
811 2327 987 2404 appellabam,
1011 2329 1119 2401 quoties
1143 2342 1175 2382 eo

212 2413 267 2470 loci
287 2416 457 2486 ventitarem,
479 2416 507 2470 in
523 2411 578 2488 quo
595 2413 703 2470 lortiter
718 2415 908 2488 praeclareque
924 2419 1036 2487 agentes
1052 2427 1175 2484 magnam

211 2498 262 2552 sibi
291 2515 323 2554 ex
352 2498 489 2572 praeclare
516 2500 602 2572 gestis
629 2499 744 2572 gloriam
772 2496 973 2572 comparabant.
1018 2496 1086 2552 'lum
1113 2512 1177 2552 voro

210 2581 377 2655 flagitiorum
400 2591 558 2639 nostrorum
581 2599 710 2640 numerus
734 2600 820 2657 usque
843 2583 910 2640 adeo
928 2582 1057 2652 excrevit,
1082 2588 1112 2635 ut
1135 2580 1175 2636 di·

210 2669 336 2723 strictum
359 2668 386 2722 in
409 2683 460 2724 nos
482 2667 586 2724 divinae
602 2665 715 2724 ultionis
731 2667 848 2740 gladium
863 2667 1011 2724 inebriaret
1033 2664 1076 2720 die
1092 2665 1178 2738 prima

211 2759 275 2824 post
297 2752 453 2825 vigesimam
476 2754 577 2808 mensis
600 2751 670 2808 biaii.
716 2751 821 2821 Quanta
845 2769 908 2808 vero
931 2751 963 2807 ab
986 2765 1017 2806 ea
1039 2751 1098 2813 die,
1122 2765 1176 2822 quo

210 2851 305 2891 murus
329 2838 448 2908 corruit,
476 2837 570 2894 civitas
592 2837 621 2892 in
643 2837 766 2894 bostium
788 2845 953 2910 potestatem
981 2835 1091 2890 redacta
1113 2833 1177 2889 esti

211 2915 319 2974 ilodum
343 2928 433 2976 autem
461 2937 517 2995 quo
539 2921 592 2977 luit
620 2929 773 2997 expugnata
796 2921 1036 2996 operaepretium
1063 2918 1116 2974 erit
1138 2917 1178 2974 di·

210 3019 289 3060 cere:
313 3003 364 3062 luit
386 3007 455 3062 enim
480 3005 602 3062 horroris
625 3006 733 3081 plenus.
779 3005 845 3063 Cum
868 3007 938 3063 enlm
960 3004 1007 3060 ttet
1035 3017 1128 3058 severa
1150 3005 1175 3059 in

211 3104 263 3143 nos
291 3089 485 3146 animadversio
514 3107 608 3147 eorum
638 3091 685 3166 qui
717 3087 827 3147 lortite'r
854 3089 980 3148 hostibus
1013 3085 1176 3144 resistebant

209 3173 428 3230 strenuissimum
457 3191 594 3249 quemque
616 3176 671 3233 huc
693 3183 776 3250 atque
797 3175 863 3232 illuc
885 3166 1059 3249 dissipasset,
1088 3175 1177 3244 etin·

210 3257 306 3314 clitum
328 3258 474 3314 Patricium
496 3275 557 3316 cum
580 3261 639 3317 eius
661 3259 890 3317 commilitonibus
920 3259 953 3315 ad
975 3271 1091 3332 corpora
1113 3275 1176 3332 pro·

209 3341 329 3398 curanda
351 3357 366 3397 a
389 3341 530 3399 moenibus
552 3345 579 3400 in
603 3343 699 3401 domos
722 3347 846 3419 proprias
870 3351 1026 3414 avocasset,
1048 3339 1176 3399 barbaro·

210 3441 271 3480 rum
293 3427 397 3481 animos
426 3427 532 3499 impulit
568 3435 598 3485 ut
625 3428 658 3484 ad
681 3429 787 3486 fatalem
815 3428 888 3485 illam
917 3429 1033 3496 turrim,
1062 3427 1096 3480 de
1124 3445 1177 3503 qna

208 3509 347 3580 superius,
363 3508 531 3567 obsidionem
546 3513 727 3586 integrarent,
749 3514 878 3571 machinis
895 3513 949 3571 illis
965 3509 1091 3568 adhibitis
1107 3528 1177 3587 quae
