2544 3852
515 217 565 268 AD
583 219 666 275 VOL.
683 218 731 270 lv.
1044 215 1105 282 179

206 355 278 429 160,
303 357 352 418 11.
382 373 398 412 6
421 347 589 432 Mariamme
611 345 770 434 stappae]
795 355 847 414 llas
870 375 885 414 a
908 357 1026 434 Georgia
1052 358 1105 416 lla-

139 443 213 498 11166
241 444 269 498 in
297 441 375 498 bellis
405 443 483 498 variis
512 441 649 516 praeclare
680 451 771 518 gestas
804 442 897 499 multis
927 445 1105 518 prosequitur

140 525 538 601 161611668611116666727.
564 526 633 584 731.
658 525 729 584 737.
754 526 823 587 738.
849 525 921 585 739.
946 527 1015 584 741.
1033 527 1104 586 743.

141 609 211 667 753.
235 608 296 668 756
319 619 347 667 61
370 610 430 669 853
454 619 481 668 61
504 628 537 668 ex
560 628 592 668 eo
616 609 727 668 loannes
743 610 888 668 Bollandus
912 610 944 667 ad
960 611 1105 668 Historiam

140 696 263 770 corporis
286 694 312 755 S.
336 696 457 770 Agathae
479 696 511 752 ab
535 697 630 753 codem
653 695 769 753 11611166
792 695 1057 770 Constantinopolim
1072 712 1105 752 en

140 778 229 834 Sicilia
253 780 419 852 transmissi,
448 781 576 855 scriptam
604 797 619 836 a
640 779 768 838 llauricio
796 779 937 837 Catanensi
958 777 1104 854 Episcopo,

134 881 155 919 a
178 880 232 937 quo
255 867 285 920 im
307 865 395 922 rebus
416 866 524 922 bellicis
540 869 760 938 rapertissimus
782 865 889 921 dicitur.
924 864 961 920 lle
976 881 1009 922 eo
1025 866 1105 920 etiam

141 950 197 1022 agit
219 947 310 1022 Lupus
332 947 512 1023 Protospatha
534 949 585 1006 sub
600 966 644 1007 an.
670 949 759 1008 1038.
785 947 864 1008 1041
890 947 1026 1022 611043,
1050 965 1105 1023 quo

140 1031 212 1088 illius
235 1032 410 1090 rebellionem
434 1035 471 1090 tta
494 1035 599 1109 attigit:
622 1034 903 1106 menseEeptemtri
924 1049 1044 1091 reversa
1062 1041 1106 1090 est

141 1119 243 1174 civitas
265 1117 378 1174 Boram
399 1122 428 1176 in
450 1137 538 1176 manu
553 1119 753 1192 Imperatoris,
778 1125 805 1176 61
825 1121 974 1176 descendit
988 1119 1107 1176 Pardus

140 1201 289 1259 Patricius
311 1219 376 1260 cam
398 1206 485 1260 mutto
508 1222 591 1274 aura,
615 1220 698 1277 quem
716 1204 888 1260 Maniaelres
907 1203 981 1276 fecit
1004 1204 1103 1275 occidi,

141 1301 229 1360 seque
240 1287 449 1359 Imperatorem
466 1288 503 1344 65
519 1289 648 1345 omnibus
663 1291 821 1361 appellari,
837 1294 865 1344 et
876 1303 973 1345 mense
990 1287 1107 1344 Octobri

141 1375 217 1428 vertit
243 1371 360 1442 Baream,
383 1375 551 1447 minimeque
565 1375 645 1429 illam
660 1376 781 1445 recepit.
816 1371 918 1430 Mense
933 1388 1001 1430 aero
1016 1373 1104 1430 neor.

140 1457 287 1513 descendit
321 1457 488 1514 Theodorus
517 1456 614 1514 Carras
640 1457 783 1531 Mapr'ster
811 1463 839 1513 61
863 1453 1047 1529 Catapaaus,
1080 1463 1106 1514 et

140 1541 494 1612 Maniaeltespraedictus
507 1545 644 1613 perrexit
657 1541 883 1615 Dyrrhachium.
918 1543 1010 1615 Agunt
1026 1541 1106 1597 etiam

140 1623 669 1698 (16111116660166161661161616116,
698 1625 752 1682 Leo
783 1624 931 1696 Ostiensis,
961 1624 1105 1681 Ordericus

142 1708 243 1781 Vitalr's,
266 1718 293 1767 et
316 1709 360 1765 alii
382 1709 483 1766 laudati
503 1711 531 1766 in
551 1709 629 1766 Notis
644 1710 676 1766 ad
692 1709 846 1766 Alexiadem
868 1727 896 1784 p.
913 1708 1104 1767 22761369.

207 1794 282 1866 160,
306 1793 355 1851 15.
394 1789 610 1871 πολεμησείων]
638 1783 814 1868 πολεμήσων
841 1811 893 1851 ms.
924 1811 983 1870 reg.
1012 1802 1040 1849 et
1068 1793 1106 1850 ita

139 1877 286 1952 legendum
319 1877 444 1936 censebat
472 1877 600 1937 Wolllus.
652 1879 708 1936 1166
740 1879 785 1936 alii
812 1880 931 1954 priorem
960 1877 1105 1936 lectionem

140 1965 270 2024 retinent.

206 2047 283 2118 162,
306 2047 356 2105 24.
394 2037 519 2122 Μιχαὴλ
547 2039 563 2107 ὃ
592 2039 813 2126 rupaeclarae]
849 2047 899 2106 llic
927 2047 1157 2121 illccstqui113

139 2135 215 2189 virus
237 2132 380 2189 haereseos
409 2135 436 2190 in
458 2133 642 2209 Apostolicam
670 2134 762 2190 sedem
790 2134 878 2189 acrius
901 2133 1021 2189 evomuit
1042 2141 1107 2205 post

141 2217 280 2289 Photium,
310 2233 372 2275 cum
395 2217 428 2273 aa
451 2217 642 2274 conciliandam
670 2217 815 2274 Ecclesiam
843 2217 897 2272 Leo
920 2216 953 2272 111
981 2215 1107 2272 Pontilcx

141 2301 334 2358 cancellarium
364 2318 443 2358 suum
470 2302 648 2358 llumbcrtum
671 2301 835 2375 Episcopum
864 2299 1106 2356 silvaecandidae

140 2395 168 2443 61
190 2385 299 2444 Petrum
322 2387 561 2461 Archiepiscopnm
584 2383 799 2459 Amalphitauum
817 2383 935 2460 legatos
956 2384 989 2440 ad
1011 2383 1105 2442 116116-

140 2471 263 2528 machum
285 2471 359 2527 misit
380 2487 450 2527 anno
475 2469 567 2528 1054.
601 2469 747 2526 Historiam
769 2477 879 2526 narrant
900 2467 955 2525 Leo
972 2468 1105 2525 Ostiensis

140 2554 188 2612 lib.
212 2555 240 2611 2.
275 2553 374 2613 Chron.
397 2554 484 2611 Casin.
509 2573 568 2630 cap.
593 2554 633 2614 89
656 2562 684 2610 61
707 2555 750 2610 aiii
772 2555 921 2628 scriptores
944 2569 1034 2609 rerum
1057 2551 1106 2609 Ec·

139 2640 363 2712 olesiastlcarum,
387 2657 418 2695 ac
439 2639 640 2713 praecaeteris
663 2637 810 2694 cardinatis
832 2639 978 2709 Baronius,
1002 2645 1030 2693 et
1050 2635 1104 2694 Leo

140 2724 255 2781 allatius
286 2726 313 2780 in
336 2725 475 2780 Dissertat.
499 2723 517 2781 2
545 2723 579 2780 de
600 2722 676 2779 libris
698 2721 853 2780 Ecclesiast.
876 2722 1003 2780 Graecor.
1027 2722 1106 2778 etin

56 2836 62 2840 ·
139 2808 209 2866 libro
233 2809 265 2865 ‹le
289 2809 432 2882 utriusque
453 2807 589 2866 Ecclesiae
611 2823 736 2866 consens.
983 2805 985 2808 ’

206 2892 275 2965 164,
302 2889 350 2950 13.
383 2887 415 2946 ol
435 2886 467 2949 δέ
487 2909 520 2967 γε
546 2885 733 2969 Μακεδόνες]
757 2893 916 2966 Anonymus
932 2891 1055 2947 Berensis
1077 2892 1105 2948 in

16 2981 18 2990 “
139 2979 240 3036 011161.
278 2978 334 3035 Am.
360 2977 450 3035 1056.
480 2977 546 3035 Ina.
572 2977 588 3032 1
613 2978 763 3034 rebellavit
781 2977 902 3034 Tornilci
922 2993 987 3034 cam
1002 2976 1104 3032 Malce-

139 3065 221 3121 dom's
244 3069 272 3120 61
293 3064 417 3121 Botatae
439 3078 638 3120 consacranea
661 3078 725 3136 sua,
746 3063 881 3134 perrexit
904 3061 1105 3120 Constantino·

136 3150 235 3222 polim,
258 3155 290 3206 61
309 3149 428 3221 faceret
449 3163 480 3206 se
501 3148 721 3220 Imperatorem.
751 3144 868 3220 Arpyro
883 3145 1026 3222 Mapr'stra
1042 3149 1103 3203 erci-

141 3238 180 3290 ait
199 3235 252 3291 sub
274 3240 359 3291 nocte
380 3250 445 3290 cum
468 3235 610 3306 aliquanti
630 3233 756 3302 Franci,
782 3236 809 3288 61
833 3231 952 3302 Graeci,
975 3237 1003 3287 et
1022 3230 1105 3302 sace·

140 3323 209 3374 1661
236 3321 264 3374 ei
288 3321 423 3375 damnum
453 3320 617 3374 maximum.
666 3316 772 3373 Postea
806 3316 1031 3388 comprehensus
1062 3321 1105 3374 est

20 3407 21 3412 ’
139 3407 203 3476 ipse
233 3403 354 3460 Tornilci
380 3422 399 3459 6
427 3402 632 3475 Monomaelro,
661 3406 688 3458 61
709 3404 791 3459 iussit
821 3415 884 3458 cum
905 3413 1048 3471 caecare,
1077 3405 1104 3456 61

141 3488 263 3544 Batatzi
283 3491 397 3545 caecati
417 3495 484 3546 sant
506 3489 613 3546 ambos.

901 3576 952 3630 12*
