2550 3854
201 238 266 301 ret
543 195 822 292 Annornrrouns

197 381 274 435 venim
296 381 370 454 impii
392 378 537 435 ambulant.
583 378 652 448 Quid
674 381 746 436 enim
768 381 932 454 Prophetam
952 388 1076 436 nostrum
1099 379 1159 437 blas

203 465 316 537 phemiis
338 465 468 538 impetitis
489 465 554 520 vos?
577 465 685 520 minime
706 481 756 520 nos
771 465 920 539 Prophetas
942 463 1173 539 blasphemamus.

196 547 306 622 ‚Excipit
329 547 488 623 Episcopus,
511 547 659 623 Propterea
683 549 756 622 quod
780 567 835 606 non
857 551 884 605 in
900 550 1051 623 Prophetas
1066 551 1170 622 invehi,

195 633 250 688 *sed
271 651 322 706 pro
346 635 411 707 ipsis
434 632 511 707 loqui
525 631 722 707 magnificeque
738 637 839 690 sentire
862 634 1074 691 condidicimus:
1097 635 1173 690 hunc

122 731 184 780 .94
203 735 268 774 vero
292 719 339 792 qui
360 716 431 792 apud
456 734 504 773 vos
526 718 625 775 colitur
647 719 815 790 ignoramus.
859 718 906 774 His
936 721 1074 792 responsis
1097 721 1176 774 atto·'

201 803 292 874 nitus,
320 803 457 875 extemplo
485 819 538 860 nos
558 803 586 858 in
609 818 743 858 carcerem
772 803 876 859 retrudi
898 803 983 860 iubet.
1028 803 1105 858 Ducti
1127 805 1170 858 in-

140 958 143 963 .
201 885 360 943 cedebamus
394 886 479 943 media
512 887 585 944 urbis
618 886 707 960 platea
738 889 766 942 in
798 887 969 961 popularium
1002 896 1171 960 conspectu:

195 971 412 1027 'Christianorum
441 972 570 1045 permulti
598 970 848 1044 subsequebantur,
881 972 914 1027 de
943 980 1036 1029 nostra
1058 973 1168 1028 miseria

196 1072 257 1112 non
280 1055 394 1112 obscure
423 1056 571 1126 eiulantes,
598 1072 727 1112 necnon
754 1057 905 1112 contrariae
933 1065 1022 1112 sectae
1044 1057 1169 1112 homines

195 1141 341 1214 spectandi
369 1139 459 1196 studio
489 1142 569 1197 exciti
596 1157 646 1194 nos
675 1143 908 1215 constipaverant,
937 1139 1167 1214 inquirebantque

195 1225 324 1297 quisnam
353 1234 425 1280 esset
452 1225 643 1282 celeberrimus
677 1224 722 1280 ille
751 1225 897 1281 Siciliensis
927 1224 1166 1299 Archicpiscopus

200 1307 279 1364 Hunc
300 1307 444 1365 admodum
465 1309 597 1384 populum
619 1310 766 1378 evasimus3
791 1309 897 1366 tandem
920 1311 949 1364 in
969 1309 1166 1365 demosterium

201 1385 416 1470 [δεσμωτήριον
437 1395 556 1469 bucang.
583 1394 611 1448 in
634 1389 733 1470 marg]
764 1395 936 1462 coniicimur;
964 1393 990 1449 id
1014 1400 1103 1450 autem
1127 1394 1165 1449 la·

193 1495 247 1534 -cus
278 1487 319 1534 est
348 1486 465 1553 quatuor
487 1495 567 1554 supra
594 1477 685 1533 decern
718 1477 846 1552 gradibus
876 1478 1034 1552 depressum
1063 1477 1166 1534 habens

199 1563 399 1636 pavimentum,
423 1565 488 1621 adeo
514 1571 543 1620 ut
564 1561 604 1618 illi
627 1563 756 1618 ostiolum
780 1579 829 1636 pro
854 1563 971 1618 fenestra
995 1570 1077 1620 esset.
1116 1563 1167 1618 l'e·

200 1647 298 1704 nebrae
321 1650 364 1706 bic
386 1665 476 1705 merae
498 1657 525 1704 et
547 1645 703 1721 palpabiles,
726 1647 828 1702 lumine
852 1655 955 1702 tantum
977 1647 1103 1703 lucernae
1123 1647 1165 1702 vel

198 1733 316 1788 interdiu
339 1734 508 1806 aliquatenus
531 1731 716 1788 collustratae.
753 1731 914 1805 Neutiquam
937 1731 964 1786 in
986 1733 1039 1788 isto
1058 1747 1165 1788 earcere

199 1816 342 1872 lucilerum
365 1835 443 1873 mane
467 1819 633 1873 exorientem
656 1815 696 1870 las
719 1824 761 1871 est
783 1817 914 1888 aspicere,
937 1833 987 1872 ncc
1009 1816 1099 1872 lunam
1122 1833 1165 1871 ra·

194 1900 258 1956 dios
286 1901 464 1958 emittentem,
509 1901 704 1974 Corpusculum
733 1901 776 1956 bic
804 1902 911 1956 aestivis
940 1899 1074 1956 calon'bus
1104 1917 1163 1974 per

193 2001 308 2040 cussum
333 1982 433 2059 (aestus
456 1987 526 2042 enim
550 1981 615 2059 erat)
640 1993 668 2040 et
682 1984 893 2041 cohabitantium
909 1982 1002 2040 habitu
1018 1984 1161 2057 torridum,

198 2075 339 2142 praeterea
361 2071 469 2126 cimices
492 2079 519 2126 et
541 2068 673 2143 pediculi,
700 2077 727 2125 et
749 2069 868 2142 pulicum
891 2071 1021 2141 examina,
1044 2078 1164 2125 caetera

180 2155 252 2228 ''que
275 2154 349 2210 hisce
378 2154 500 2210 bestiolis
523 2153 621 2210 similia
649 2171 698 2228 per
720 2154 919 2215 tenebricosum
947 2155 999 2210 hoe
1028 2155 1163 2227 pavimen-

199 2248 256 2294 tum
278 2241 413 2313 serpentia
436 2239 569 2296 misellum
592 2239 727 2294 bominem
750 2239 915 2311 stigmatium
931 2237 1058 2294 reddunt.
1093 2238 1164 2294 Sunt

192 2323 342 2380 -eteodem
365 2327 522 2380 incarcere
550 2323 686 2394 conclusi,
714 2324 921 2396 promiscueque
950 2321 1090 2379 nobiscum
1116 2323 1163 2378 ha·

196 2424 257 2463 rum
280 2409 448 2472 miseriarum
477 2417 654 2464 mercaturam
681 2407 826 2477 iacientes,
854 2408 1017 2480 Aethiopes,
1047 2407 1161 2462 'larsen-

197 2509 253 2562 ses,
276 2492 406 2564 Hebraei,
430 2492 611 2567 Longobardi,
635 2501 692 2548 tum
714 2491 857 2546 Christiani
878 2500 1016 2548 nostrates
1038 2507 1053 2546 e
1076 2492 1163 2547 diver·

197 2577 234 2632 sis
256 2577 323 2634 locis
346 2578 474 2652 proiecti,
503 2578 531 2632 ln
550 2578 625 2650 queis
649 2585 706 2632 erat
723 2580 832 2649 quo'que
847 2575 1036 2632 Sanctissimus
1060 2571 1161 2652 [⁴‘Mo-

191 2678 260 2732 snos,
285 2678 337 2720 seat
352 2664 462 2719 Menas.
501 2661 566 2716 Vide
583 2661 716 2736 Pyrrhum
739 2669 758 2716 t.
775 2661 804 2720 2.
828 2679 854 2734 p.
874 2653 962 2718 592.”
997 2660 1115 2735 bucang.
1132 2662 1161 2716 in

133 2803 137 2814 ,
197 2742 308 2825 marg.].
347 2747 493 2802 Melitensis
516 2745 664 2820 Episcopus
688 2743 791 2801 duabus
812 2744 987 2819 compedibus
1010 2745 1092 2817 pedes
1115 2745 1162 2800 ad·

190 2831 318 2889 strictus.
363 2830 431 2886 'l‘um
458 2847 522 2886 vero
549 2829 693 2886 Pontifices
716 2829 875 2886 alterutrum
899 2829 1044 2903 complexi,
1069 2846 1160 2886 sacro-

195 2930 251 2986 que
274 2915 368 2972 osculo
392 2915 556 2986 exosculari,
578 2915 718 2989 paululum
741 2912 776 2970 ob
799 2931 829 2970 ea
852 2931 920 2988 quae
943 2913 993 2969 sibi
1016 2923 1163 2970 evenerant

196 3005 262 3054 sunt
283 2999 482 3074 collacrymati3
512 3017 574 3055 mox
599 3001 709 3056 Domino
733 2999 825 3056 eadem
848 2999 881 3054 de
903 3015 932 3054 re
955 2999 1057 3072 gratias
1079 3015 1163 3072 agen·

197 3091 248 3154 tes,
272 3099 304 3140 ea
326 3093 419 3140 nostra
441 3085 615 3159 Philosophia
630 3083 797 3158 depromptis
813 3083 961 3140 rationibus
977 3081 1080 3138 doloris
1097 3100 1162 3138 sen·
1254 3097 1255 3146 t

194 3169 239 3223 sui
261 3169 457 3243 repugnabant.
489 3170 555 3226 bum
577 3171 605 3225 in
628 3169 669 3224 his
691 3185 838 3239 versamur,
861 3166 1017 3224 execrabilis
1039 3167 1085 3224 ille
1102 3166 1161 3224 dies

196 3253 260 3308 stati
282 3253 353 3327 apud
381 3255 464 3310 hosce
486 3253 613 3311 Scarilicii
635 3255 766 3321 recurrit3
795 3269 850 3326 quo
878 3252 921 3308 die
943 3253 1098 3308 memoriam
1122 3253 1162 3308 la·

196 3353 257 3393 cere
286 3355 315 3393 sc
338 3339 460 3393 iactitant
487 3340 555 3394 sacri
577 3338 667 3411 illius,
697 3337 771 3412 qnod
799 3337 863 3393 olim
887 3336 1017 3392 Abrabam
1046 3335 1161 3408 iecerat,

198 3422 304 3492 quando
328 3421 420 3476 datum
442 3424 553 3479 arietem
581 3440 631 3496 pro
655 3423 767 3478 rationis
790 3423 920 3495 participe
943 3422 1076 3476 victimam
1104 3422 1159 3478 beo

192 3506 352 3579 immolavit.
397 3504 473 3563 llunc
499 3523 549 3580 per
569 3509 701 3564 inscitiam
729 3506 830 3562 Pascha
850 3507 1009 3562 nominant:
1038 3523 1089 3562 nec
1111 3505 1160 3562 abs
