2550 3854
498 219 546 271 an
565 219 649 273 von.
667 221 718 271 111.
1052 217 1093 287 97

130 367 306 434 tempestate,
330 375 400 416 anno
423 358 527 416 seilicet
549 357 588 414 21
617 375 677 430 scu,
701 367 731 414 ut
754 359 798 414 alii
819 358 923 430 volunt,
948 376 1019 416 enno
1042 358 1093 420 28.

128 444 254 508 Heraclii,
279 444 422 500 Antiochia
443 445 472 500 io
495 459 589 500 eorum
611 451 777 516 potestatem
801 443 883 518 venit,
906 442 980 518 quod
995 453 1022 500 et
1038 453 1092 500 tre·

127 527 169 584 dit
191 529 334 602 Aythonus
360 529 388 583 in
418 527 487 588 Hist.
516 525 618 584 Orient.
648 543 706 600 cop.
732 526 781 584 15.
816 528 899 584 Anno
924 529 1006 584 Dom.
1031 527 1091 586 632

125 615 311 670 maledictum
326 628 422 670 semen
434 613 544 686 perfidi
557 611 717 669 Manumeti
736 628 856 685 repnum
871 611 977 685 Syriae
990 615 1091 668 introi-

127 699 175 766 uit,
198 703 225 754 et
241 697 388 754 Saraceni
407 703 612 770 eapupnantes
625 695 766 754 Damasei
786 699 1030 768 opulentissimam
1048 700 1091 753 ci-

127 785 260 850 uitatem,
281 783 316 840 de
336 783 469 840 manibus
491 781 685 852 Graecorum,
705 784 756 856 qui
768 784 849 838 illam
863 783 947 854 ionpo
962 789 1093 852 tempore

126 872 301 934 tenuerant,
323 867 523 936 abstulerunt,
546 873 574 922 ct
586 872 688 938 postea
710 869 740 922 in
756 867 837 923 breui
856 873 983 936 tempore
1006 871 1093 923 totum

126 965 249 1024 repnum
274 949 381 1024 Syriae
412 956 639 1022 occupauerunt.
688 951 795 1007 Postea
821 965 890 1006 vero
920 950 1093 1007 obsederunt

126 1052 262 1108 mapnam
276 1037 447 1093 Antiochiae
467 1039 620 1106 ciuitatem,
640 1038 671 1090 in
691 1053 750 1109 qna
767 1035 875 1092 Graeci
893 1037 943 1091 illo
964 1041 1092 1104 tempore

129 1121 333 1176 morabantur.
382 1120 549 1193 Imperator
573 1119 735 1176 Heraclius
759 1119 905 1193 Aapustus
931 1119 1092 1176 Romanum

127 1201 337 1265 administrans
358 1205 516 1278 Imperium
540 1205 596 1262 itae
622 1205 745 1262 audiens
769 1207 844 1260 misit
868 1221 1001 1277 mapnum
1026 1205 1092 1260 snb·
1165 1216 1167 1218 ·

126 1289 232 1344 sidium
247 1288 383 1361 Graecis,
404 1295 437 1346 ut
456 1293 601 1346 ciuitatem
620 1295 773 1347 tuerentur
793 1307 812 1345 a
831 1290 953 1360 perfidis
965 1288 1092 1344 Sarace·
1111 1289 1144 1339 67

127 1375 189 1428 nis:
213 1379 240 1428 et
261 1375 328 1430 dam
342 1379 443 1447 pentes
456 1373 648 1447 Imperatoris
663 1373 797 1430 Heraclii
816 1373 1015 1446 aequandam
1028 1375 1094 1444 pia·

128 1459 235 1514 niciam
246 1461 458 1530 pervenissent,
474 1475 561 1532 quam
575 1458 702 1514 Possene
717 1461 873 1527 nominant,
891 1456 1093 1529 Saraceniqae

129 1554 170 1598 ex
191 1546 320 1614 opposito
342 1545 487 1600 venientes
508 1559 572 1599 eum
593 1547 635 1599 eis
654 1543 757 1598 bellum
778 1543 1005 1598 crudelissimum
1023 1544 1093 1596 inie-

129 1633 207 1686 runt.
240 1625 351 1700 Mapna
364 1627 425 1699 fuit
439 1629 552 1700 quidem
566 1628 720 1684 altercatio
734 1629 810 1682 inter
825 1641 881 1695 eos,
899 1627 952 1682 sed
965 1626 1092 1681 obtinue-

129 1717 200 1767 runt
212 1715 344 1784 finaliter
356 1712 496 1786 Apareui,
519 1717 547 1768 et
557 1715 587 1767 in
604 1713 653 1768 iilo
671 1712 809 1783 conflictu
824 1711 993 1767 bellatorum
1008 1712 1092 1765 innu-

128 1797 277 1852 merabilis
303 1798 407 1853 cecidit
432 1797 594 1867 multitudo,
623 1803 762 1869 eiusque
782 1811 861 1852 nunc
882 1801 1029 1866 appareat
1056 1795 1097 1850 ibi

129 1895 196 1936 ossa
211 1883 387 1938 cadauerum
402 1883 431 1936 in
446 1883 576 1938 munima
591 1884 762 1954 quantitate.
803 1880 882 1938 Unde
897 1879 1004 1936 accidit
1019 1880 1097 1952 qaae

131 1964 247 2037 Graeci,
271 1967 322 2038 qui
340 1969 370 2022 in
384 1965 499 2023 ciuitate
513 1967 668 2038 aepeoanr,
695 1967 781 2022 nimio
798 1981 910 2038 pauore
929 1967 1094 2036 perterriti,

128 2052 222 2122 ipsam
242 2047 384 2106 civitatem
399 2051 569 2107 Antiochiae
585 2049 745 2107 Saracenis
765 2066 830 2106 cum
846 2051 935 2106 certis
956 2051 1053 2120 pactis
1068 2055 1113 2104 et·

130 2135 365 2191 conventionibus
385 2135 582 2192 reddiderunt.
619 2135 718 2191 Deinde
740 2142 771 2190 ut
791 2133 921 2205 Ciliciam,
943 2131 1095 2206 Paphlago·

128 2218 210 2290 niam,
233 2217 411 2293 Lycaoniam,
434 2226 461 2274 et
483 2218 548 2274 alios
577 2219 655 2276 Asiae
677 2217 829 2292 provincias
848 2218 996 2272 invaserint
1018 2215 1095 2271 Soro-

130 2303 202 2374 ceoi,
224 2311 324 2362 narrat.
354 2302 430 2358 Addo
444 2301 588 2376 Nicephor.
605 2301 840 2375 constantinopol.
862 2319 890 2374 p.
908 2300 957 2356 69
981 2299 1046 2356 edit
1065 2300 1093 2356 1.
1154 2354 1156 2356 ,

130 2385 244 2444 Cedrco.
267 2405 295 2462 p.
311 2386 384 2444 429.
414 2386 550 2460 sigebert.
573 2403 616 2444 eo.
632 2385 694 2444 640
716 2393 767 2442 eto
810 2413 812 2416 ·

194 2471 266 2544 312,
290 2470 339 2529 32.
370 2465 587 2568 μεταβαίνει]
584 2471 650 2527 Aliis
672 2469 761 2526 verbis
783 2477 840 2526 tres
863 2467 942 2528 codd.
964 2469 1050 2542 regii:
1073 2457 1142 2539 ἡ

130 2547 163 2610 δὲ
184 2553 320 2631 βασιλεία
342 2549 395 2612 nai
417 2575 453 2612 ca
475 2573 529 2628 της
550 2542 711 2628 ανταρχίας
738 2550 780 2621 εἰς
801 2569 856 2609 con
882 2546 999 2609 ἐκείνου
1025 2545 1096 2609 aiio

128 2625 182 2694 τὸν
204 2639 433 2698 Kauocauciuou
459 2630 691 2733 μεταβεβήκασι,
719 2627 775 2710 τὴν
798 2631 829 2695 δὲ
854 2627 1043 2709 Ρωμαίων
1025 2653 1094 2712 nyc

128 2721 238 2798 panion
264 2719 399 2801 πρόσθεν
429 2715 656 2798 διαδεξάμενον,
686 2733 740 2782 etc.
778 2723 843 2780 aad.
872 2721 956 2778 alius:
989 2713 1095 2778 iai
1058 2740 1095 2817 τῃ

130 2805 265 2889 βασιλεία
286 2803 389 2882 αὐτοῦ,
411 2829 463 2868 naa
454 2801 686 2885 pecassua'nsa‘
667 2827 687 2882 η
704 2799 849 2881 αὐταρχία
869 2795 946 2882 πρὸς
961 2797 1012 2862 τὸν
1026 2795 1095 2861 υἱὸν

130 2901 185 2951 eto
220 2894 294 2952 Sin
287 2911 315 2952 m
337 2895 425 2952 verbis
448 2905 554 2954 servato
584 2911 667 2951 sensu
688 2895 793 2950 variant
819 2891 955 2949 interdum
978 2891 1095 2951 codices.

195 2979 320 3054 313,1.
350 2973 594 3056 Kavocaoaiaor]
619 2978 703 3046 Quem
726 2987 754 3034 et
776 2975 967 3034 Heracleooam
991 2993 1095 3076 coppo-

131 3065 262 3121 minatum
283 3063 378 3121 scribit
400 3065 554 3164 Georgius
549 3063 750 3120 Homer-tolus
743 3079 772 3118 ln
786 3060 884 3157 Ghrpo
898 3077 951 3122 ms.
972 3078 1056 3161 papea
1064 3055 1096 3119 δὲ

127 3139 323 3242 Hpainiccov,
351 3140 554 3224 iipaoieuos‘
540 3166 557 3206 o
580 3147 806 3214 Κωνσταντῖνος
834 3132 936 3214 ὃυὶὀς
962 3135 1093 3202 nicotii

133 3223 289 3306 λεμομενος
306 3226 522 3305 Ἡρακλεονᾶς,
545 3219 750 3307 μονοθελητὴς
771 3223 823 3286 nai
845 3217 945 3298 αὐτός.

196 3319 268 3390 313,
291 3318 322 3380 4.
352 3313 516 3396 Γρηγορία]
541 3317 708 3374 Anastasiou]
729 3324 807 3373 vocat
823 3316 976 3372 chronicon
991 3333 1042 3374 ms.
1063 3315 1095 3371 ob

133 3399 236 3458 adamo
251 3405 284 3460 od
299 3403 426 3462 Leonem.
457 3403 550 3463 Phil.
542 3419 570 3459 111
593 3401 689 3458 codem
704 3401 896 3459 Constantino:
917 3388 1006 3466 οὗτος
1021 3417 1095 3472 φαρ-

130 3487 272 3562 pausiam
294 3477 356 3546 ὑπὸ
381 3486 435 3562 τῆς
457 3483 536 3554 ἰδίας
555 3503 701 3562 μητραιας
724 3483 898 3562 Μαρτίνης,
921 3477 1098 3540 καταλιπών

166 3601 288 3638 eooooao
306 3603 344 3638 m.
928 3584 943 3632 7
