2544 3852
501 238 551 288 sn
570 239 652 294 τοι.
671 240 717 292 τυ
979 223 1001 269 7
1031 237 1092 302 169
1148 247 1152 254 ·

92 442 94 445 ¹
127 377 201 436 modi
224 385 280 433 est:
303 391 373 443 τους
383 360 454 516 ἐττρό
469 379 525 434 τοῦ
539 371 743 473 βαπτίσματος
754 368 929 452 τεθυκότας,
953 373 1004 436 καὶ
1018 371 1091 478 μετά

1 455 2 462 ’
126 457 220 517 ταῦτα
246 453 397 537 βακτισθό
397 477 480 533 ντας,
513 455 612 531 ἔδοξεν
640 457 681 530 είς
706 453 789 531 τάξιν
817 456 1021 541 προάγεσθαι,
1052 453 1091 534 ὦς

127 533 394 618 άττολουσαμίνους.

192 630 247 700 95,
271 630 300 686 2.
331 619 370 697 ὡς
393 625 461 704 διχῆ
482 625 648 706 τμηθῆναι]
679 630 747 686 Νοῑο
770 640 834 688 sunt
857 648 925 705 quae
948 633 981 688 de
1004 632 1092 688 Gnde·

126 713 197 770 frido
219 714 361 771 Bulliones
377 713 471 771 dicunt
486 715 618 786 historici,
642 723 722 788 atque
742 717 816 772 iniis
832 715 958 773 ilbertus
981 718 1090 790 Aquen-

126 799 164 854 sis
188 799 218 871 3,
241 797 292 856 65.
335 797 433 854 Petrus
455 797 619 854 l'udebodus
647 817 673 872 p.
698 798 757 856 789
787 808 815 856 et
840 801 914 856 Will.
939 801 1036 874 Tyrius
1059 801 1090 872 4,

127 882 163 940 62
192 886 243 956 ηυι·
268 884 380 940 scilicet
408 901 495 940 unum
523 884 559 939 de
585 879 715 940 hostibus
736 889 906 956 protervius
927 887 1090 950 instantem,

126 969 196 1024 licet
217 969 311 1024 lorica
332 969 478 1038 indutum,
497 983 556 1039 per
577 970 699 1025 medinm
720 969 814 1025 divisit
836 977 887 1025 etc.

194 1052 271 1122 100,
294 1051 344 1108 28.
375 1047 429 1106 τοῦ
459 1041 659 1124 στρατηλάτου
686 1041 774 1124 άχίου
797 1041 966 1130 Θεοδώρου]
997 1052 1093 1109 llausit

129 1151 143 1190 τ
165 1133 256 1192 leone
279 1135 405 1208 ὓίυοοοο,
429 1137 476 1210 qui
497 1135 603 1192 loannis
626 1136 772 1192 l'zimiscae
794 1153 838 1194 res
861 1147 952 1212 gestas
968 1135 1092 1211 pluribus

127 1229 292 1293 prosecutus
315 1228 366 1276 est.

193 1303 265 1372 102,
289 1303 338 1360 18.
361 1295 464 1360 εἰκόνα
478 1305 533 1376 τῆς
548 1298 749 1398 Θεομήτορος]
774 1305 855 1361 Addit
875 1305 946 1362 idem
961 1305 1017 1362 len
1033 1307 1091 1362 ilia·

127 1403 214 1442 onnus
236 1388 263 1442 in
285 1387 356 1444 Hist.
380 1404 429 1444 ms.
458 1381 516 1462 τήν
542 1385 597 1459 τῆς
618 1381 809 1484 Θεομήτορος
836 1378 980 1445 είκόνα’
965 1407 1091 1463 εναχκα-

126 1464 267 1544 λυομένην
287 1458 337 1527 τόν
358 1461 562 1542 θεάνθρωκον
577 1461 703 1546 Λόχον,
712 1489 754 1547 ην
769 1464 800 1526 ἐκ
819 1471 940 1540 Μυσίας
955 1469 1091 1546 εἴληφεν,

129 1553 175 1612 ubi
197 1564 319 1612 caeteros
339 1557 478 1630 triumphi
505 1556 654 1612 Zimisciani
678 1564 823 1678 αρραεοῐοτ
852 1556 976 1628 pluribus
998 1574 1092 1632 prose-

129 1640 231 1713 quitur

195 1723 264 1796 102,
289 1723 339 1782 26.
362 1711 415 1778 τόν
429 1717 506 1781 ναόν
528 1721 581 1778 τοῦ
602 1722 733 1796 σωτῆρος
747 1721 881 1798 Χριστοῦ
903 1719 970 1801 οἱα]
994 1725 1024 1780 ln
1040 1743 1093 1800 qua

127 1807 236 1882 quidem
259 1807 374 1865 aedes
392 1807 498 1866 loannis
520 1810 655 1882 Baptistae
678 1807 789 1882 capillos
811 1809 987 1884 postmodum
1010 1809 1093 1884 depo·

128 1894 197 1958 sult,
227 1902 257 1949 ut
279 1901 370 1948 narrat
392 1892 446 1949 Leo
471 1894 601 1950 Diaconus
630 1891 677 1950 lib.
703 1893 743 1951 10
764 1894 827 1954 hist
852 1911 903 1950 ms.
932 1894 966 1950 de
994 1894 1092 1950 loanne

127 1978 271 2034 l'zimiste:
288 1969 421 2032 ἐνταυθα
430 1973 567 2074 φρουρίω
581 1971 772 2080 προσβάλλει,
790 1975 833 2060 τῷ
848 1997 884 2078 τη
875 1970 986 2059 Σόρηι
1002 1975 1093 2058 φωνῇ

127 2054 301 2140 καλουμένου
325 2051 534 2162 Μεμττετζὲ,
526 2053 542 2117 ό
571 2081 621 2118 και
649 2055 783 2164 πολέμῳ,
811 2036 862 2118 καὶ
891 2081 955 2130 ταις
983 2079 1092 2118 τταντο-

128 2143 237 2214 όατταῖς
258 2147 406 2242 μηχαναῖς
427 2140 705 2246 παραστησάμενος,
734 2139 770 2204 τά
793 2145 846 2202 τοῦ
866 2146 997 2242 σωτῆρος
1019 2147 1092 2221 Χρι-

128 2225 201 2286 στοά
222 2221 368 2286 σανδάλια
390 2223 523 2288 ἕκαστ’
505 2221 693 2304 ανευρηκόις,
716 2219 921 2305 άνείληφεν’
898 2250 936 2298 ως
954 2248 980 2285 τι
998 2227 1094 2302 δωρον

90 2320 93 2323 ’
128 2305 291 2410 οὐράνιρν,
318 2310 370 2370 και
399 2304 451 2384 τάς
473 2312 526 2372 τοῦ
547 2311 706 2418 σεβασμίου
734 2309 767 2372 δὲ
789 2307 971 2406 Προδρόμον
994 2313 1094 2389 τρίχας

130 2397 183 2455 τοῦ
206 2391 361 2498 Κηρυκος·
390 2394 441 2456 καὶ
463 2420 499 2456 τα
488 2389 575 2473 μὲν
602 2388 697 2468 αόθις
725 2392 757 2454 ἐν
779 2397 821 2477 τῷ
850 2388 1019 2494 περιττόστῳ
1041 2417 1094 2471 της

130 2475 325 2582 Θεομήτορος
339 2483 438 2566 σηκῷ,
461 2503 502 2559 τῳ
525 2471 600 2540 κατά
622 2473 676 2555 τὴν
697 2473 903 2557 άνακτορικην
925 2455 1023 2540 ἕοτίάν
1046 2479 1094 2538 δε-

130 2563 301 2664 ὁομημέυητ
308 2542 495 2642 nuntias*
471 2588 510 2638 ας
530 2587 598 2624 τινα
612 2559 780 2708 πηλόολβον
799 2562 986 2663 θησαυρόν·
996 2555 1048 2635 τάς
1062 2561 1095 2624 δὲ

130 2647 162 2709 ἐν
184 2651 225 2731 τῷ
247 2651 301 2710 τοῦ
323 2652 456 2730 σωτῆρος
477 2671 544 2733 nnqn,
567 2641 603 2708 όν
617 2641 707 2720 αὐτὸς
729 2637 942 2728 ἕκβάθροον’
924 2641 1093 2726 ανήχειρεν.

129 2738 252 2794 Meminit
274 2746 413 2813 praeterea
441 2739 519 2795 istius
542 2738 614 2794 aedis
643 2737 810 2795 υΤτίιοίσοε
835 2737 960 2794 conditae
981 2736 1093 2794 llinhnel

130 2821 235 2878 Psellus
266 2823 313 2880 lib
333 2824 443 2880 bhist.
467 2841 518 2883 ms
548 2813 563 2879 ό
589 2816 621 2879 δὲ
642 2809 831 2916 αὐτοκράτωρ
859 2813 993 2894 λαμπρός
1014 2809 1094 2877 ττάνο

128 2901 180 2961 καί
202 2893 320 2980 υψηλός
342 2897 538 3010 προυκάθητο
559 2909 610 2980 τῆς
633 2894 709 2962 οὕτω
725 2901 886 3008 λεγομένης
897 2903 1020 3000 Χαλκῆς
1035 2924 1093 2977 φυ-

129 2987 229 3064 λακῆς,
253 2982 329 3087 μετ’
338 2986 432 3050 αὐτοῦ
453 2981 495 3087 δη
513 2995 567 3048 τοῦ
589 2988 675 3047 θείου
697 2986 846 3065 τεμένους,
869 2978 886 3047 ό
908 3009 924 3046 ο
913 2978 1035 3066 μέγας
1058 2983 1142 3055 ἕν108

129 3073 303 3150 βασιλεῦσιν
322 3061 462 3147 Ἰωάννης
483 3062 499 3134 ὁ
521 3067 593 3151 μετά
616 3072 731 3132 Φωκάν
746 3068 928 3148 Νικηφόρον
951 3069 1093 3148 ἐδείματο

129 3161 209 3216 llalso
231 3163 318 3238 igitur
339 3163 406 3220 haec
426 3161 588 3257 Niceqshorn
603 3161 710 3216 Phocae
731 3160 886 3218 adscribunt
908 3169 1034 3235 excerpta
1050 3160 1094 3215 lli·

129 3247 230 3304 storica
258 3263 290 3302 ex
312 3247 372 3304 nod.
397 3262 455 3338 reg.
485 3236 530 3302 ὅτι
553 3239 587 3301 ἐν
607 3248 651 3322 nqi
674 3239 728 3300 Mt
727 3244 830 3316 μττιτζε
856 3233 985 3318 sinent
1008 3241 1093 3318 βασι-

130 3324 198 3396 λεὺς
220 3323 399 3425 Νιτηφόρος
420 3315 456 3384 τά
478 3329 531 3386 τοῦ
557 3333 690 3406 σωτῆρος
717 3322 808 3402 ἡμῶν
830 3326 962 3405 Χριστοῦ
987 3319 1095 3384 σανδά-

91 3468 97 3482 ,
130 3413 197 3486 λια,
225 3407 275 3468 καὶ
298 3401 350 3482 τάς
371 3410 499 3487 σεβασμί
497 3433 532 3482 ας
554 3419 609 3470 τοῦ
631 3405 812 3488 Προδρόμου
839 3410 955 3508 τρίχας·
984 3431 1035 3468 και
1059 3396 1094 3467 τά

130 3490 186 3572 μὲν
208 3489 241 3554 ἒν
263 3505 304 3579 τῷ
326 3497 389 3578 ναηῖ
409 3517 472 3556 ταν
494 3500 673 3576 Βλαχερνοῖν
695 3493 850 3555 κατέθετο·
875 3486 927 3566 τάς
950 3490 1019 3554 δὲ’
1005 3513 1036 3552 εν
1056 3500 1094 3575 τῇ
