2550 3854
174 215 237 280 130
313 185 318 194 ’
516 171 797 269 Annonnrrouns

175 362 223 414 sui
237 357 403 414 custodibus
418 358 458 414 ad
472 360 573 414 ostium
588 359 689 414 domus
704 357 837 412 turbatus
854 357 998 427 procedit,
1020 356 1143 412 aditum-

176 457 232 516 que
244 441 330 514 ferro
346 442 552 521 intercludens,
568 442 677 498 hostem
699 460 717 496 a
732 436 878 497 liminibus
898 448 988 498 arcet.
1024 443 1141 514 Adcipi-

176 543 227 584 sus
246 529 374 582 sentiens
394 543 451 582 noa
473 530 534 582 siue
556 527 722 582 discrimine
748 528 821 581 ostia
847 527 945 584 domus
966 540 1028 582 esse
1051 540 1142 596 pene·

177 613 295 682 tranda,
318 612 354 666 ab
376 613 495 667 introitu
514 612 615 682 pedem
640 610 780 680 retrahit,
798 612 999 683 palatiumque
1019 611 1144 682 flammis

176 698 265 753 cauri
282 695 369 754 iubet.
414 695 533 751 Interea
562 693 730 766 imperator
752 696 876 751 deutrus
901 695 955 752 sibi
974 695 1042 750 atari
1058 697 1145 766 petit,
1213 723 1215 728 ·

175 795 336 853 pacemque
352 780 458 836 obuiae
480 781 619 852 deposcit.
657 779 709 835 Cui
723 794 893 852 responsum
909 785 962 852 est,
984 795 1041 854 non
1057 781 1145 835 aliter

175 869 267 938 petita
290 868 525 935 impetraturum,
553 867 609 920 nisi
629 867 717 935 prius
737 865 927 920 iureiurando
950 866 1143 934 promitteret,

177 967 324 1023 nunquam
340 964 371 1018 se
386 950 582 1022 diebusvitae
604 963 675 1003 suae
691 948 851 1005 Beneuenti
866 951 942 1021 fines
955 952 1143 1017 intraturum,

126 1042 162 1092 85
180 1049 273 1107 neque
286 1023 343 1104 pro
360 1035 514 1103 calumnia,
531 1051 617 1106 quam
633 1039 700 1088 tunc
712 1034 895 1104 patiebatur,
914 1035 1068 1089 uindictam
1089 1033 1143 1088 ati·

176 1119 290 1192 quando
306 1125 490 1174 exacturum.
536 1119 639 1173 Atlatis
660 1121 758 1190 itaque
780 1123 949 1174 sanctorum
961 1117 1142 1190 pipnorihus

5 1253 7 1266 ,
177 1204 349 1259 necessitate
365 1205 550 1273 constrictus,
572 1208 787 1258 sacramentum
803 1203 880 1276 quod
900 1203 936 1258 ab
957 1217 990 1258 eo
1007 1201 1143 1275 eaipeba-

5 1303 6 1314 ¹
102 1305 105 1311 ’
179 1296 227 1344 tar
242 1289 364 1355 iurauit,
386 1287 539 1358 statimque
551 1293 669 1357 postero
690 1287 736 1342 die
752 1304 770 1341 a
790 1285 948 1344 Beneuento
965 1289 1045 1343 euiit.
1082 1285 1144 1340 Mox

178 1379 270 1427 narrat
297 1378 328 1424 ut
355 1387 425 1426 anno
455 1371 580 1444 sequenti
607 1369 758 1426 Ludovicns
787 1367 896 1426 Romam
925 1371 1042 1440 venerit,
1073 1379 1101 1426 et
1128 1387 1144 1425 a

5 1521 6 1534 χ
179 1455 278 1512 Ioanne
306 1453 356 1509 PP.
387 1472 400 1510 a
429 1463 598 1512 sacramento
627 1453 786 1525 absolutus,
814 1453 971 1527 adelgisum
999 1441 1144 1528 tyrannum

80 1590 85 1600 .
180 1539 367 1596 denuntiatum
390 1540 417 1594 in
440 1539 574 1595 Corsicam
597 1539 694 1613 iugera
717 1539 888 1612 compulerit,
912 1555 942 1594 ac
964 1539 1073 1594 tandem
1091 1537 1144 1592 Lu·

69 1665 72 1670 .
179 1625 292 1681 doricus
323 1641 394 1680 anno
418 1623 480 1681 874
502 1625 584 1679 vitam
607 1621 724 1690 finierit:
753 1640 807 1696 quo
830 1623 890 1678 loco
919 1621 991 1678 illius
1017 1625 1145 1697 pietatem

180 1709 458 1782 caeterasqueanimi
480 1707 558 1764 dotes
580 1707 655 1762 brevi
677 1707 768 1782 elogio
790 1707 959 1782 perstringit.
998 1707 1033 1762 ite
1055 1705 1145 1762 Ludo·

181 1793 233 1850 vici
256 1793 383 1867 captione
406 1792 503 1848 similia
524 1792 604 1848 hahet
626 1791 681 1848 Leo
706 1791 763 1848 Ost.
789 1793 822 1861 1,
847 1791 903 1861 38,
931 1791 977 1848 ubi
999 1791 1032 1846 de
1055 1791 1144 1864 Capua

181 1895 196 1933 a
219 1876 361 1933 Saracenis
385 1875 504 1946 obsessa,
529 1885 555 1931 et
578 1875 744 1933 aLudovico
768 1877 834 1932 susis
857 1876 892 1932 ibi
909 1876 1048 1932 Saracenis
1064 1892 1144 1950 quae-

182 1961 257 2027 dam,
280 1960 347 2016 nihil
370 1967 458 2016 tamen
482 1961 515 2016 de
537 1959 629 2034 legato
653 1959 739 2016 Casilii
763 1961 795 2016 ad
819 1960 959 2035 Capuanos
981 1963 1082 2032 misso,
1109 1960 1144 2015 ilc

182 2063 237 2118 quo
259 2045 393 2117 Zonaras,
422 2054 624 2102 commemorat.
670 2045 738 2102 Sane
766 2045 878 2102 dimisso
900 2044 1054 2116 Ludovico,
1082 2043 1144 2100 Sol-

143 2169 150 2183 ,
181 2129 281 2184 danum
304 2137 331 2184 et
353 2131 439 2202 ipsius
462 2129 576 2185 asseclas
599 2133 738 2185 Annosum
754 2139 782 2187 et
802 2129 1026 2198 manciannum,
1049 2145 1079 2184 ac
1093 2128 1145 2184 lm·

181 2215 315 2288 peratoris
337 2215 495 2270 thesaurum
524 2213 576 2270 sihi
598 2215 744 2271 retinuisse
772 2214 929 2289 adelgisum
959 2214 1061 2270 diserte
1083 2229 1144 2269 cum

179 2297 282 2354 Zonara
309 2298 421 2355 tradunt
448 2299 658 2372 Erchempertus
686 2315 743 2372 cap,
767 2299 807 2356 28
840 2309 868 2354 et
895 2307 991 2356 auctor
1019 2296 1145 2354 Chronici

181 2382 272 2439 Sancti
296 2382 426 2439 vincentii
448 2383 481 2438 de
505 2382 648 2452 Vulturno,
673 2390 701 2439 et
721 2383 891 2458 Sargdanem
913 2383 1038 2438 libertate
1061 2383 1144 2437 dona·

182 2476 238 2522 tum
261 2467 346 2523 fuisse
368 2469 433 2522 satis
455 2469 582 2523 innuunt.
626 2467 702 2522 Adde
729 2477 867 2541 praetcrea
890 2468 1005 2524 Annales
1030 2467 1146 2523 irancu-

182 2567 242 2607 rum
264 2546 432 2608 Bertin'ianos
455 2569 497 2608 an.
522 2551 593 2608 873.
637 2550 804 2626 Reginanem
827 2563 855 2619 et
878 2552 1058 2610 Hermannum
1075 2551 1145 2606 Con-

184 2642 309 2692 tractum.
353 2637 416 2692 iun
438 2653 523 2710 porro
545 2635 698 2691 Ludovicus
726 2634 749 2693 ll
771 2636 930 2710 Imperator,
953 2636 1074 2692 Lotharii
1096 2635 1146 2692 tm·

181 2719 319 2794 peratoris
335 2718 415 2787 iilius,
432 2720 559 2776 Ludovici
575 2721 616 2776 Pii
631 2737 727 2794 nepos,
743 2723 819 2777 cuius
835 2738 933 2778 nomen
949 2723 1020 2777 varie
1036 2721 1147 2777 effertur

181 2821 195 2859 a
219 2803 399 2878 scriptoribus
422 2804 543 2860 Graecis:
568 2800 693 2878 Δολίχος
715 2807 785 2862 enim
806 2813 978 2880 nuncupatur
992 2805 1146 2880 Porphyre-

183 2890 276 2962 genito
305 2887 352 2944 lib.
381 2888 414 2945 de
437 2889 580 2949 Administ.
609 2890 674 2964 imp.
704 2907 762 2963 cap.
788 2888 826 2948 29
857 2899 885 2947 et
907 2889 1055 2964 Scylitzae,
1083 2893 1145 2945 Ao·

185 2968 290 3046 ὁοῦχος
313 2971 398 3029 eidem
421 2974 714 3050 Porphyrogenitcde
737 2975 828 3032 Them.
854 2975 883 3048 2,
906 2973 956 3032 40.
993 2975 1146 3046 Enimvero,

184 3074 218 3114 ne
240 3056 372 3130 abitalia,
395 3075 474 3132 quam
495 3059 578 3115 semel
602 3061 744 3132 ingressus
766 3077 836 3130 sum,
857 3059 1003 3132 discedam,
1025 3062 1145 3115 extincto

183 3141 331 3216 Radeigiso
354 3141 475 3218 adelgisi
497 3141 571 3214 filio,
593 3143 733 3218 Radetpis
758 3146 837 3216 fitius
856 3145 1001 3216 Princeps
1022 3151 1064 3201 est
1080 3161 1146 3200 con·

185 3229 317 3299 stitutus,
346 3231 397 3300 qui
416 3229 507 3284 tribus
528 3229 577 3284 uiae
598 3231 683 3285 aunis
704 3232 863 3301 imperans,
892 3248 910 3285 a
931 3229 1148 3286 Beneuentanis

185 3314 294 3368 eiectas
316 3319 373 3384 est,
400 3320 427 3368 et
448 3313 500 3368 Aio
513 3313 615 3385 frater
630 3316 692 3369 eius
707 3309 847 3388 (adelgisi)
870 3315 933 3371 toco
953 3317 1031 3370 itlius
1045 3313 1147 3370 subro-

183 3402 270 3468 patus
285 3402 336 3452 est.
381 3395 419 3450 lta
443 3396 550 3468 quidem
572 3395 783 3471 Erchempertus
805 3407 833 3454 et
854 3407 949 3454 auctor
971 3397 1095 3454 chronici
1117 3389 1146 3452 S.

185 3479 315 3536 vincentii
333 3496 360 3551 p.
378 3479 450 3540 698.
480 3479 517 3538 De
531 3483 616 3538 Aione
632 3481 755 3556 Principe
768 3482 966 3554 Beneventano,
982 3484 1028 3557 qui
1040 3469 1147 3557 'Apicm
