2544 3852
190 205 252 271 196
531 203 813 258 ANNOTATIONES

189 357 217 404 et
239 364 283 404 res
305 346 441 421 praeclare
463 353 555 421 gestes
582 347 755 420 potissimum
776 345 945 419 celebratur,
973 355 1003 402 ut
1030 347 1058 403 in
1081 346 1159 404 hisee

192 431 332 489 versibus.-

209 539 214 546 ·
274 507 347 588 σοφὲ
368 505 527 592 στρατηγὲ,
550 510 644 590 κῦρσε
662 501 813 588 Ῥωμαίων
834 507 916 590 μέγα.

149 637 152 642 ·
189 601 276 671 Infra;

275 673 495 780 ἕζημιρόθης
466 701 519 740 τον
541 675 725 781 στρατόρχην
748 673 799 740 τόν
820 676 925 760 μέγαν,

274 787 331 872 την
354 787 392 837 ως
414 765 537 842 αίηθῶς
558 757 765 843 οίδαμαντίνην
787 761 922 842 σπάθην,
1006 807 1014 817 ,

274 848 328 914 τόν
350 843 475 929 χάλκεον
496 847 613 930 χάρακα
636 849 688 926 τῆς
710 849 902 922 Βοζαντίίος.

192 939 325 997 Rursum:

121 1021 123 1024 ⁸
276 1017 367 1081 ὅλωλὲ
388 1035 435 1080 σοι
456 1013 610 1115 τόφρεομα
631 1025 685 1098 τῆς
697 1017 920 1124 σκηπτουχίμς,

276 1101 416 1185 παρῆλθέ
436 1122 482 1162 σοι
505 1097 651 1182 στήριγμα
673 1104 726 1178 τῆς
747 1102 924 1182 μοναρχίας,

275 1188 308 1250 τὸ
329 1185 518 1268 γαίκοβαφὲς
539 1179 734 1266 κατεθλόσθη
756 1205 811 1249 σον
835 1183 923 1288 δόρυ,

275 1271 325 1334 καὶ
348 1269 626 1354 βαρβαροδμητεορα
648 1267 795 1350 τεθλόστη
818 1269 932 1350 στσοίθη.
1008 1262 1022 1282 ’

190 1363 327 1464 Denique:

278 1434 304 1505 6
325 1441 464 1542 πάμμεγα
486 1438 644 1544 φρόνημα,
667 1438 717 1502 καί
739 1443 851 1541 βρολῆς
873 1439 995 1518 πλάτος,

275 1522 354 1604 όψος
377 1522 472 1631 τόχης
486 1520 620 1602 όὶτεκτον,
643 1524 745 1622 όγκος
754 1518 852 1624 ἀξίας,

278 1605 303 1674 6
324 1607 434 1690 κόσμος
452 1606 544 1710 ἠθῶν
565 1605 781 1757 ἆγχινονστοίτη
805 1606 882 1686 φόσο
895 1635 924 1688 ς,

277 1695 327 1758 καὶ
350 1700 421 1770 νοῦς
442 1688 558 1774 όκοίμας
580 1696 621 1771 είς
643 1694 717 1795 κοβέ
717 1713 823 1799 ρνησιγ
845 1689 953 1774 μόχης

278 1775 438 1880 σόβλὲμμα
459 1783 620 1861 βασίλειον,
642 1771 751 1886 ἀρχικὴ
773 1779 843 1856 θέα,

276 1861 444 1972 βραχιόνων
466 1862 641 1968 κρότννσις,
664 1857 741 1943 σἰίκη
763 1864 902 1942 καρδίας,
995 1881 999 1886 ·

278 1949 328 2011 καὶ
350 1952 470 2030 πρῶτον
492 1945 568 2024 εἶδος
589 1944 673 2024 όξιον
695 1953 748 2026 τῆς
769 1949 978 2027 τυραννίδος.

193 2039 295 2098 Sedet
318 2040 477 2135 Theodqree
500 2043 591 2098 uxoris
615 2040 713 2097 ibidem
735 2041 859 2097 meminit
880 2047 974 2114 poeta:

204 2151 206 2154 ·
278 2117 298 2199 ἡ
322 2115 464 2227 ττορφόρα
487 2115 682 2198 κίνθησον
662 2143 681 2198 η
706 2120 858 2228 τρισρλβία

278 2203 310 2267 τό
335 2205 391 2266 σὸν
413 2211 528 2267 καλοῦν
549 2199 720 2284 βίόστημα,
743 2203 775 2266 τό
803 2206 932 2302 χρυσοῦν
955 2201 1062 2283 δῶρον,

278 2290 475 2396 μείενρίυτοῦν
497 2293 534 2388 66
520 2287 701 2352 λίπονσα
668 2313 724 2367 την
750 2283 922 2388 Θεοὸόρμν·

278 2377 320 2459 τῷ
341 2371 398 2455 γόρ
421 2373 529 2452 ἕαντης
550 2368 750 2453 σομφόνεοσα
772 2369 939 2471 φωσφόρῳ,

277 2435 328 2521 καί
351 2460 437 2522 δόντι
459 2458 620 2521 σννὲδονεν
641 2457 674 2520 ἐν
695 2465 756 2531 τοῖς
778 2450 911 2537 ἀμφίοις.

193 2548 353 2607 Monachum
375 2566 482 2623 nempe,
505 2565 555 2606 seu
569 2548 729 2623 Angelieum
752 2548 873 2605 habitum
894 2547 1019 2606 indueret
1036 2552 1160 2608 moriens

150 2666 155 2674 -
192 2633 309 2708 Mmuel‚
332 2641 363 2690 ut
384 2634 504 2691 solemne
526 2633 578 2692 init
600 2635 680 2690 istius
703 2635 759 2690 aevi
782 2633 902 2690 Graecis:

278 2711 328 2774 καί
351 2706 445 2814 κοίίρῖ
468 2735 521 2790 της
543 2723 599 2817 γης
621 2706 743 2812 οὐρανῷ
753 2715 969 2826 θησανρίσας,
1023 2739 1026 2749 ·

205 2847 207 2849 .
279 2794 451 2899 κειρόμενός
473 2819 503 2858 τε
525 2796 581 2876 τὴν
602 2793 682 2858 κότω
704 2795 816 2876 ταύτην
840 2807 940 2880 τρίχα,

279 2881 330 2943 καὶ
353 2878 387 2944 τό
409 2883 539 2961 τρίχινον
562 2877 760 2961 ἐνδυσάμενος
783 2879 890 2962 ῥάκος,

277 2961 318 3046 μη
342 2991 410 3048 ηρες
431 2967 524 3029 ἔνθεν
546 2963 738 3052 εὖχερεστέρω
760 2967 843 3030 τέλει.

193 3057 314 3114 Meminit
335 3066 475 3154 praeterea
497 3059 662 3162 libffrornm,
685 3059 766 3114 etiem
773 3051 918 3151 coningio
942 3057 1128 3134 illigatorum:

279 3138 311 3199 οί
330 3131 475 3200 καιανικόι
499 3138 550 3200 και
570 3101 724 3218 γαμηίίοις
746 3131 860 3240 λόγρις,

279 3221 350 3295 τούς
372 3226 431 3284 τῶν
452 3221 564 3286 τέκνων
585 3240 641 3283 σον
657 3219 917 3325 συγκροτήσαντες
938 3217 1068 3302 γόμονς,

280 3305 436 3387 ἐμέλλομέν
458 3325 490 3370 σε
512 3308 562 3370 καὶ
584 3303 720 3370 θανόντα
742 3303 923 3386 δακρόσθαι.

195 3395 333 3456 Εῐιίοίοοε

279 3475 441 3558 θυγατέρες
462 3482 599 3541 πενθεῖτε
622 3475 676 3538 τὸν
699 3469 888 3558 φοτοσκόρον
910 3491 964 3540 etc.
