2548 3850
531 227 580 278 Au
599 226 684 281 von.
703 228 754 280 111.
1090 233 1132 298 35

230 367 307 439 193,
331 365 360 423 5.
391 358 422 421 ἐν
444 364 480 444 τῇ
501 361 627 444 πολίχνῃ
650 357 769 443 Ἑλένῃ]
798 368 829 424 ln
851 369 1008 444 Pyraeneis‚
1031 375 1060 430 in
1082 373 1132 430 (lo-

163 452 260 508 mitatu
282 451 496 523 Ruscinoneusi,
526 451 607 507 hodie
629 451 821 527 Elna0urhe
844 455 998 528 notissima,
1022 457 1055 513 de
1079 475 1132 532 qua

163 537 310 608 scriptores
344 551 438 592 omnes
465 551 557 592 rerum
587 551 602 590 a
630 533 806 592 Constantino
835 547 863 594 et
891 535 952 594 filiis
982 550 1129 615 gestarum.

162 619 294 676 Paeauius
316 622 344 676 in
366 620 526 694 Metaphrasi
548 619 670 694 Eutropii
693 619 740 677 lib.
764 621 782 678 9
806 626 855 678 eui
868 621 1003 681 Helenae
1017 643 1129 697 nomen,

162 705 202 762 slc
223 705 305 760 vertit
327 697 455 760 ἕν’Έλει
478 697 662 783 καλουμένῳ.

227 788 303 860 193,
333 788 384 847 30.
419 783 560 865 Νίσιβιν]
595 788 624 844 V.
651 787 832 846 Marcellinum
860 791 907 848 lib.
939 791 977 848 18
1005 811 1034 868 p.
1059 793 1130 851 128.

164 872 228 930 edit.
253 874 279 931 1.
303 875 349 949 qui
371 890 404 930 ex
424 873 528 930 Zonara
549 873 712 930 illustratur.

170 983 172 988 '
225 971 285 1046 πῦρ
316 966 446 1052 ἐνέβαλε]
482 975 555 1030 idem
585 975 740 1030 Ammianus
769 974 955 1034 Marcellinus:
988 977 1130 1036 Subieetis

160 1061 273 1132 ipnilus
288 1063 377 1118 exuri
390 1067 514 1116 cunetas
528 1062 655 1116 iusserat
669 1074 769 1133 naves,
783 1065 906 1132 praeter
917 1065 1044 1120 minores
1054 1063 1129 1136 ΧΠ,

161 1161 234 1215 ques
256 1144 438 1216 profuturas
457 1145 621 1218 penpendis
643 1145 780 1214 pontibus
805 1147 944 1217 disposuit
969 1148 1035 1204 celei
1060 1165 1127 1204 car-

157 1235 397 1368 panzi-dvm
420 1305 600 1388 ἐτνσθῆναι]
623 1311 697 1368 idem
712 1311 884 1370 Marcellinus
901 1317 939 1370 ait
954 1321 1044 1372 tortos
1057 1332 1127 1388 per·

157 1397 250 1472 supas
264 1405 367 1471 operte
379 1398 480 1471 fossos
496 1413 526 1454 se
540 1397 692 1469 fefellisse.

227 1499 300 1572 196,
324 1498 374 1555 21.
405 1491 574 1573 Euanippe]
611 1495 662 1564 Qui
685 1496 849 1569 Saporinus
877 1498 976 1556 dicitur
1001 1499 1127 1572 Lucifero

159 1583 309 1640 calaritano
332 1582 377 1638 lib.
404 1583 421 1638 1
450 1599 501 1656 pro
524 1581 551 1637 S.
574 1581 735 1637 Athanasio:
768 1583 848 1656 Erec
869 1587 938 1655 quia
965 1585 1129 1656 soporinus

158 1668 320 1725 Persarum
342 1669 410 1724 Rex
433 1683 510 1723 nune
534 1671 636 1722 eontra
660 1672 687 1721 te
701 1669 777 1739 perit
790 1670 946 1741 praelium,
969 1676 1022 1725 etc.
1059 1667 1128 1726 Gon-

159 1754 288 1808 stantium
311 1751 469 1825 alloquitur.

224 1853 302 1924 195,
325 1853 354 1910 8.
388 1847 573 1928 Βετρανίων]
609 1851 647 1908 lta
675 1851 890 1923 emendavimus,
920 1871 982 1910 cum
1009 1853 1126 1910 Woltius

160 1939 204 1995 hio
226 1946 254 1994 et
276 1937 346 1994 inira
368 1930 558 2010 Bperrocalorv
580 1935 724 1994 edidisset:
748 1937 787 1992 sie
809 1939 879 1992 enim
897 1946 952 1995 tres
968 1955 1033 1999 mss.
1050 1937 1128 2013 Regii

157 2023 331 2098 praeierunt,
360 2021 498 2096 quomodo
526 2021 604 2077 etiam
626 2019 727 2077 habeut
748 2020 885 2094 Zosimus,
914 2021 1028 2079 loannes
1051 2025 1126 2080 Anti·

159 2107 297 2178 ochenus,
320 2105 474 2162 Chronicon
497 2105 720 2176 Alexandrinum,
743 2107 846 2162 nummi
867 2113 989 2176 veteres,
1011 2113 1039 2162 et
1061 2107 1127 2164 scri-

157 2201 251 2267 ptores
273 2191 370 2248 Latini.
415 2190 563 2264 Eutropius
584 2206 648 2245 vero
673 2191 903 2260 Veteranionem,
924 2189 1126 2266 Philostorgius

159 2260 373 2348 Οὖετρανίωνα
404 2282 517 2332 vocant:
552 2291 605 2347 qua
633 2273 728 2328 ultima
756 2275 962 2330 nomenclatura
992 2275 1125 2347 quendam

157 2369 290 2417 memorat
313 2361 468 2416 Ammianus
494 2357 545 2414 sub
574 2357 667 2413 eadem
694 2357 753 2412 lere
782 2366 918 2430 tempora,
949 2359 996 2432 qui
1017 2358 1125 2414 Zosimo

157 2445 203 2501 lib.
229 2444 247 2502 3
270 2463 297 2518 p.
322 2444 372 2501 72.
416 2437 602 2519 Βρεττανίων
624 2449 804 2514 nuncupatur.
850 2437 1021 2516 Βρετννίων
1044 2442 1126 2500 habet

157 2530 242 2586 codex
269 2530 405 2586 recentior
432 2525 567 2598 Zonarae,
597 2533 627 2582 ut
655 2533 683 2581 et
705 2525 896 2599 Theophanes.
940 2521 1125 2600 Βριττανίων

158 2614 321 2670 Athanasius
344 2615 372 2668 in
386 2611 472 2686 Epist.
490 2611 522 2668 ad
538 2609 617 2670 Solit.
650 2609 686 2665 lle
709 2609 762 2665 hoc
784 2610 945 2666 Vetranione
961 2611 1046 2667 multa
1061 2629 1125 2668 con·

157 2706 304 2772 gesseruut
326 2697 448 2771 Scaliger
470 2697 503 2752 ad
525 2693 687 2765 Eusebium,
716 2693 899 2750 Gotholredus
922 2695 955 2750 ad
974 2695 1125 2752 Philostor·

157 2785 243 2856 pium,
266 2782 464 2838 Santamantius
485 2783 514 2836 in
536 2780 687 2838 comment.
710 2778 774 2835 hist.
799 2787 827 2835 et
849 2778 894 2836 alii
915 2782 1027 2854 passim.
1077 2845 1078 2848 Ἴ

224 2883 295 2956 196,
319 2882 370 2942 26.
398 2870 524 2955 τιμήσας
547 2877 583 2960 τῇ
604 2867 672 2958 ἀξίᾳ
690 2875 852 2957 Καίσαρος]
877 2881 1028 2937 Constantii
1048 2897 1124 2956 prae·

156 2977 231 3026 terea
253 2967 339 3024 indito
362 2969 481 3036 nomine,
505 2973 536 3022 ut
551 2965 673 3022 scribunt
687 2965 789 3036 Victor,
813 2965 949 3038 Socrates,
971 2963 1124 3022 Chronicon

156 3051 382 3124 Alexandrinum,
405 3059 433 3107 et
455 3051 650 3125 Theophanes:
679 3065 729 3104 seu
750 3051 871 3106 iunioris
892 3049 1061 3123 Constantii,
1085 3053 1124 3107 uti

155 3139 314 3194 Ammonius
337 3135 501 3211 Episcopus,
525 3137 572 3208 qui
594 3151 624 3190 ea
640 3139 728 3190 aetate
748 3134 827 3204 uixit,
850 3142 881 3190 ut
902 3135 1019 3208 ipsemet
1040 3143 1124 3190 testa·
1156 3205 1159 3210 Ι

156 3231 201 3278 tur
222 3224 250 3278 iu
272 3221 319 3278 lib.
341 3221 375 3276 de
397 3222 450 3276 vita
472 3228 500 3276 et
522 3218 732 3276 Conversatione
753 3217 801 3274 SS.
822 3218 959 3276 Pachumii
988 3226 1016 3274 et
1036 3218 1124 3276 'lireo-

156 3305 216 3360 dori
237 3323 265 3362 0.
289 3305 319 3362 4.

223 3406 298 3480 197,
327 3407 376 3464 11.
414 3395 577 3483 Σιλβννός]
609 3403 761 3462 Chronicon
784 3401 906 3460 Eusehii:
936 3403 1073 3460 Silvanus
1093 3405 1123 3458 in

159 3489 253 3547 Gallia
270 3507 319 3548 res
334 3508 425 3550 noces
437 3495 551 3550 molitas
571 3491 703 3548 vicesimo
726 3495 827 3548 oetaeo
843 3492 990 3547 extinctas
1010 3491 1052 3542 est
1068 3487 1123 3543 elie.

934 3580 970 3633 3*
