2544 3852
501 273 549 324 AD
569 273 653 328 von
672 275 719 330 ιν
1033 277 1094 342 165

127 411 217 486 puicu
238 400 466 487 ἡμαγμὲνον·’
449 429 521 486 οπερ
545 404 684 488 lasscbv‘
669 431 685 470 o
707 404 853 490 μακάριος
878 405 1031 486 ἐκεῖνος”
1011 436 1093 474 απαν

128 489 160 552 τό
185 492 306 571 χρυσίον
328 489 392 568 ἐμοὶ
414 487 631 595 παρεχώρησεν.
687 549 692 562 ,

191 580 241 646 82
265 581 313 642 23
337 572 478 660 bosnec
443 599 500 656 γαρ
522 569 556 636 τό
578 586 642 638 moia
664 601 698 662 τῃ
687 575 907 657 στρατιιότιὸι
929 583 1092 660 μεταχειρί·

126 679 170 720 σει
198 638 453 743 ἐπιγραφόμενος]
482 665 682 742 Linthprnndus
716 669 744 722 in
772 667 865 742 Legat.
895 671 933 724 sic
961 669 1091 728 Graecum

127 751 286 824 loquentem
306 751 425 808 inducit.
450 751 662 819 Constantinus,
686 756 788 826 inquit
810 753 986 826 Imperator,
1009 755 1091 813 bomo

126 838 215 900 lenis,
244 839 273 892 in
299 836 415 893 Palatio
442 851 578 908 manens,
601 867 639 876 -
666 837 851 908 Nicephorus
872 853 940 896 aero
961 839 1093 896 Basilius

126 920 208 977 bomo
228 913 380 994 ταχόχειρ,
402 921 432 976 id
452 927 495 977 est
514 923 632 978 militiae
652 923 777 991 deditus,
800 920 946 978 Palatium
968 939 1022 980 ceu
1040 940 1092 996 pe·
1123 945 1125 948 ¹

127 1011 197 1060 stem
213 1005 361 1076 abborret,
384 1011 412 1060 et
426 1012 547 1062 vocatur
562 1024 580 1061 α
596 1007 678 1064 nobis
690 1020 784 1077 prope
799 1009 952 1063 simultatis
968 1014 1090 1076 amator,

127 1097 214 1162 atque
230 1097 460 1162 arpumentasns,
477 1090 527 1160 qui
540 1107 598 1146 non
609 1094 707 1162 pretio
723 1091 777 1146 sibi
789 1098 888 1164 pentes
904 1095 1025 1164 amicas,
1040 1093 1093 1148 sed

127 1181 241 1230 terrore
258 1180 285 1229 et
298 1175 395 1248 plodio
410 1175 465 1230 sibi
478 1175 609 1231 subditas
620 1173 705 1245 facit.

190 1256 294 1328 83,1.
327 1258 407 1314 θεῖοι
429 1251 570 1333 κανόνες]
593 1257 658 1315 Vide
680 1258 794 1314 eundem
817 1259 947 1316 chsrnm
970 1260 1002 1315 ed
1025 1259 1090 1318 Gon.

128 1341 177 1398 13
200 1343 282 1414 epist
300 1343 315 1398 1
340 1342 368 1402 S.
391 1342 482 1398 Basilii
505 1341 537 1398 ed
559 1342 787 1441 Amphilochium.

192 1424 244 1497 84,
269 1425 318 1486 10.
346 1417 522 1482 ὑπονοστῶν
537 1419 567 1494 ἐξ
585 1415 778 1502 Ἀντιοχείας]
802 1426 1007 1500 Expeditionem
1022 1429 1092 1485 hanc

125 1513 154 1566 in
176 1512 329 1584 Agerenos,
353 1527 422 1584 quac
443 1510 494 1567 sub
517 1511 666 1568 annosos
689 1510 794 1581 eccidit,
817 1513 909 1584 attigit
929 1509 1092 1586 Liutbpran·

126 1595 206 1650 dus
198 1609 225 1650 ln
248 1593 341 1668 Legat
364 1603 470 1668 quarta
484 1596 591 1668 feria
579 1599 671 1666 ipsius
686 1596 891 1653 Hebdomadue
906 1595 1093 1667 Nicephorus

127 1679 400 1751 Constantinopolim
415 1681 605 1774 epreditur,
595 1697 624 1736 m
639 1681 775 1770 Assyrios
788 1679 991 1750 profecturus

191 1757 240 1818 aab
264 1756 368 1838 γέγονε
390 1751 474 1836 λιμός
490 1751 620 1840 ἰσχυρός]
643 1763 714 1820 Haec
729 1751 877 1836 αὐτόπτης
892 1772 983 1820 narrat
997 1763 1092 1821 Linth-

128 1848 249 1922 piandus
276 1850 305 1903 in
327 1846 436 1922 Legat:
468 1857 511 1906 est
536 1855 564 1904 et
590 1851 670 1906 atiud
695 1851 772 1922 qaod
791 1864 870 1906 nunc
897 1847 1093 1921 Nicephorum

127 1936 263 2004 compulit
279 1936 380 2004 copias
394 1937 424 1990 in
436 1933 573 2007 Assyrios
584 1935 726 1990 educere.-
741 1933 883 2008 Arporum
897 1936 971 1991 enim
983 1951 1092 1992 omnem

127 2021 271 2092 repionem
291 2021 404 2074 instans
424 2024 545 2091 tempus,
568 2017 630 2076 Deo
645 2019 769 2090 iubente,
792 2033 919 2090 eousque
937 2018 1034 2092 fames
1049 2026 1092 2076 at-

127 2105 212 2172 trivit,
236 2107 268 2158 ut
282 2117 375 2175 neque
396 2105 487 2160 tritici
508 2105 564 2160 dua
579 2103 742 2176 Papienses
763 2106 890 2160 sectarii
907 2117 998 2162 aureo
1017 2121 1091 2162 com·

122 2193 281 2258 parentur,
303 2186 415 2260 bosque
430 2189 479 2244 ubi
492 2189 612 2244 abertas
627 2191 713 2258 quasi
726 2196 839 2261 repnat.
879 2186 968 2244 Hanc
982 2195 1092 2260 pestem

127 2271 238 2326 nivibus
258 2273 483 2342 cooperantibus
502 2275 542 2327 ita
563 2273 708 2342 dilatauit,
730 2279 761 2326 ut
782 2273 930 2328 messionis
953 2278 1091 2344 tempore,

129 2355 265 2427 quidquid
279 2355 383 2428 ubique
404 2362 552 2412 terrarum
568 2371 702 2412 annonae
719 2361 793 2422 erat,
815 2356 928 2412 minimo
943 2357 1010 2412 dato
1024 2370 1092 2427 pre·

128 2441 183 2509 tio,
209 2441 426 2510 possessoribus
453 2441 641 2510 clodomrius,
672 2444 866 2513 conpreparit.
916 2437 1001 2506 Quod
1028 2455 1093 2495 cum

126 2523 211 2578 iuxta
235 2522 470 2594 Mesopotamiam
488 2525 618 2596 faceret,
649 2525 698 2580 ubi
714 2523 834 2598 fraqam
854 2527 937 2596 copia
962 2524 1093 2580 muribus

129 2607 295 2662 absentibus
321 2614 471 2680 creuerat,
505 2623 616 2664 arenae
641 2611 731 2664 maris
755 2610 929 2666 multitudini
958 2623 1093 2665 annonae

126 2691 333 2748 multitudinem
353 2697 550 2766 coaequarit.¹
576 2691 671 2766 Ipitur
690 2709 754 2749 cam
774 2694 824 2748 oili
841 2694 896 2749 boc
923 2695 1093 2748 commercio

126 2778 252 2846 turpiter
270 2775 367 2847 sames
388 2777 486 2833 ubiubi
505 2779 679 2848 desaeviret,
710 2779 853 2850 octopinta
877 2779 966 2834 millia
986 2783 1093 2844 morta·

125 2862 205 2930 lium,
228 2859 343 2916 obtentu
357 2863 483 2931 militiae,
508 2878 606 2918 secum
622 2865 816 2936 conprepaoit,
838 2863 940 2935 quibus
952 2876 1009 2933 per
1024 2877 1092 2917 con-

127 2947 237 3000 tinuum
251 2961 389 3016 mensem,
414 2948 491 3038 quod
504 2964 560 3004 ano
576 2953 684 3003 emerat
701 2960 807 3016 aureo,
830 2947 940 3004 duobus
957 2945 1093 3003 vendidit.

194 3025 246 3099 85,
270 3027 320 3084 27.
349 3047 425 3084 κατα
441 3017 473 3084 τό
488 3019 618 3085 παλαιόν
641 3024 725 3107 ἔθος]
753 3028 864 3086 Festum
887 3047 942 3103 quo
965 3030 1030 3086 haec
1045 3027 1094 3085 fic·

113 3106 173 3168 ¹'itai
194 3115 352 3186 processio,
374 3115 473 3170 indicet
494 3113 549 3170 Leo
573 3115 703 3171 bimanus
726 3114 772 3170 lib.
795 3112 823 3170 4
847 3115 913 3172 hist.
937 3131 986 3170 ms
1015 3105 1091 3186 πρό·
1166 3138 1175 3152 ·

127 3209 234 3250 κινσον
265 3189 296 3252 δὲ
322 3215 399 3252 κατα
426 3187 483 3269 τὴν
510 3195 564 3254 τοῦ
591 3195 724 3293 σωτῆρος
751 3185 920 3272 ardinnam,
952 3216 1029 3253 κατα
1057 3190 1092 3253 τὸ

127 3274 315 3357 εόθισμένον,
348 3275 402 3352 ἔξω
435 3279 566 3357 τειχῶν,
589 3276 635 3340 iat
653 3271 717 3380 τόν
747 3276 935 3357 καλουμένην
968 3273 1093 3356 Πηνὴν,

127 3359 275 3457 ποιησαμέ
276 3381 330 3422 νον
352 3363 406 3422 τοῦ
426 3361 584 3442 βασιλέως·
606 3385 679 3435 νεοτς
701 3359 734 3424 de
756 3359 848 3447 ταύτῃ
861 3360 1020 3444 neptunii
1004 3387 1041 3440 ης
1055 3363 1095 3442 τῇ

128 3436 266 3527 Θεοτόκςο
289 3441 447 3524 δεδόμηιαι
472 3460 523 3509 etc.
554 3453 635 3509 istius
657 3462 796 3527 praeterea
818 3453 1009 3528 imperatoriae
1023 3467 1093 3523 apo·

127 3504 268 3600 ελεόσεοός
296 3531 337 3602 εἰς
370 3529 472 3611 Πηγας
499 3538 620 3593 meminit
648 3537 850 3612 Liuthprnndus
880 3543 907 3594 iu
935 3536 1094 3612 Legatione,
