2532 3844
160 211 348 264 CCLXXXIV
529 213 579 262 AD
600 213 684 264 VOL.
702 212 750 266 IV.

160 349 249 410 τοῦτο
271 345 316 451 δὲ]
340 367 444 424 μοναχ.
468 345 524 424 μὲν
546 341 638 406 πάλαι
660 347 760 425 σχῆμα
776 344 965 417 ε’πενδυθείς·
989 345 1126 408 τοῦτοδὲ

203 436 244 494 10
265 429 424 532 ἐπίθηται]
447 431 618 508 ἕπιτίθηται
691 437 729 492 11
752 430 973 540 βεραιοίσαντα]
996 427 1124 511 βεβαιά·

158 535 248 578 σαντα
335 519 374 578 15
397 516 543 596 αξιοίματι
566 513 682 594 ἐτίμησε
704 514 815 591 ααίξ
778 540 798 576 α
800 518 845 591 ξίοι
867 517 1002 595 τετίμηκε
1023 514 1075 576 ταί

161 606 199 664 17
229 595 359 706 Δάφνη]
389 604 425 686 τῇ
453 597 556 684 δάφνη
642 604 681 662 22
710 600 861 700 δίδωσιν]
875 605 998 662 τίσωσιν
1084 605 1126 662 23

159 681 358 769 ίνόριιους]“’
340 707 445 766 ορκοις
533 689 573 748 25
596 686 649 762 τῆς
671 681 804 769 εἰσόδου]
829 677 885 762 τὴν
907 685 1026 747 εἴσοδον

224 769 294 844 139,
318 768 338 832 6
359 793 420 832 των
442 771 578 854 Μυσῶν]
601 765 638 832 τά
660 772 763 870 μυσῶν
812 777 852 833 22
867 761 964 874 αὐτῷ]
988 762 1083 831 αὐτοῦ

159 860 196 918 ib.
220 855 271 914 καὶ
294 853 371 958 τὸν]
386 855 436 917 καὶ
460 878 513 921 om.
580 859 620 918 24
642 847 774 938 ἡβηδὸν]
797 849 912 936 ἡβαδδν
977 861 1016 919 26
1039 857 1126 915 Κων-

161 934 371 1024 σταντῐνος]
355 963 371 1001 ο
392 945 608 1014 κωνσταντῖνος
694 945 734 1003 31
757 941 950 1042 σπείσασθαι]
974 937 1126 1005 σπείσασα.

224 1023 336 1097 140,1
360 1017 422 1104 μετ’
448 1017 563 1132 αὐτῶν]
586 1016 648 1104 μετ’
673 1017 765 1104 αὐτῆς
835 1017 1124 1126 θὴγεμονετίοντες]

157 1103 298 1212 ἀρχοντες
384 1116 424 1172 14
447 1107 643 1212 ἐξεπόρθησε]
667 1106 874 1189 ἐξεπόρθησαν
953 1116 992 1173 17
1013 1101 1122 1189 αάτὴν]

157 1191 271 1272 ταύτην
362 1199 405 1260 20
425 1191 590 1297 ἐπήχθετο]
620 1193 793 1275 ἐπήχθηστο
885 1201 924 1259 31
953 1189 1064 1298 ἥκουσι
1093 1191 1126 1254 δὲ

158 1277 192 1341 ἐκ
187 1279 356 1369 κιβωτίου
370 1274 452 1354 τινδς
474 1278 682 1383 ἐρωτῶντος“
663 1304 724 1360 οπη
746 1277 821 1341 εἰσίν
842 1279 895 1341 καί
917 1273 1008 1361 είς]’
995 1272 1125 1358 η’τοοσεν

159 1357 218 1426 οὖν
241 1363 274 1424 ἐκ
295 1365 404 1446 κιβωτί
403 1388 445 1426 ων
466 1358 549 1438 τινὸς
570 1358 640 1426 ὅποι
662 1365 739 1428 εἰσὶν
760 1362 941 1444 ἐρωτῶντος·
964 1369 1016 1425 καὶ
1037 1363 1089 1435 εἰς

223 1447 298 1521 141,
322 1449 342 1513 8
371 1450 450 1511 αἴτιοι
476 1444 509 1510 τὸ
535 1451 635 1534 σῶμα]
665 1444 699 1512 τδ
727 1459 813 1530 σῶμα
841 1471 895 1511 om.
984 1454 1023 1512 16
1052 1447 1125 1521 ἴσως

157 1549 221 1618 post
242 1531 387 1615 ἡττηθείς
410 1557 463 1596 om.
552 1541 590 1598 21
615 1535 647 1596 ἐν
670 1559 724 1599 om.
807 1537 847 1596 24
870 1535 923 1594 καί
941 1557 969 1594 τι
991 1529 1125 1596 ἀνθοπε·

129 1662 130 1666 ,
155 1622 316 1724 νεγτιίντος
337 1633 402 1695 post
409 1611 527 1721 ἀβρεις
549 1642 604 1683 orn.
682 1626 721 1696 26
743 1643 784 1705 τῳ
773 1618 1067 1726 γυναικαδίλφω]
1080 1617 1126 1718 τρῖ

157 1698 279 1790 ἀδελφῷ
344 1709 384 1768 29
399 1696 559 1806 ἀναχθείς]
582 1699 690 1810 ἀχθεὶς
750 1683 787 1767 6
809 1695 1067 1808 666666666'
1048 1676 1127 1810 αρχι]

156 1811 198 1874 τρι
189 1783 360 1898 Στεφάνῳ
375 1785 583 1889 περιελήλυθε.
606 1787 657 1850 καὶ
671 1784 805 1892 ἡνῆσος
808 1785 864 1851 066
876 1790 917 1862 είς
931 1785 1050 1891 μακράν
1064 1781 1126 1850 ἀπὸ

156 1851 226 1948 τάἀς
244 1867 428 1978 Ἀγαρηνοδς
450 1873 501 1934 καὶ
522 1858 616 1948 αὖθις
638 1873 766 1954 ἐγένετο·
789 1865 966 1980 ἀπειρία]
948 1897 968 1952 6
989 1875 1071 1936 πάσα
1093 1872 1127 1936 δὲ

157 1951 186 2021 6.
215 1951 276 2020 ἀπὸ
305 1953 358 2018 τδν
385 1957 533 2058 στέφανον
561 1957 678 2040 γέγονε
708 1959 759 2020 καί
784 1954 804 2038 6
827 1961 918 2036 νῆσος
945 1955 1001 2020 οάιι
1023 1960 1065 2034 είς
1092 1984 1124 2038 μ.

156 2039 355 2121 περιελήλυθε
383 2047 445 2114 τοῖς
471 2034 647 2190 ἀγαρηνοῖς·
680 2038 801 2124 ἀπειρία
888 2049 928 2106 32
952 2045 1123 2126 αἰσχροκερ-

156 2319 205 2371 τος
227 2294 441 2443 ἀνδραγαθία,
451 2211 589 2372 061066'
590 2299 605 2381 ]
629 2299 804 2380 στρατηγία·
826 2291 915 2372 οὗτος
938 2293 970 2358 δ’
1051 2303 1070 2362 8
1093 2300 1125 2359 οἳ

157 2381 267 2490 αὐτῷ]
279 2383 384 2443 ιιαὶοῖ
405 2374 488 2467 αὐτῷ
554 2389 594 2445 14
616 2385 676 2444 τῶν
699 2405 752 2445 om.
823 2389 861 2446 15
884 2381 993 2466 6⁰6]‘
975 2409 1020 2484 6
1017 2385 1071 2444 τοῦ

159 2473 199 2530 18
221 2447 300 2550 στίν]
329 2469 405 2548 γοῦν
491 2473 531 2530 26
559 2465 641 2529 ὅσων
667 2458 687 2544 6
709 2470 845 2606 βασιλεία
874 2462 1020 2551 δεῖται]
1010 2463 1123 2548 όσσνὴ

155 2553 288 2614 πολιτεία
311 2552 414 2614 δεῖται.

221 2635 362 2708 143,15
390 2634 458 2718 περὶ
486 2630 596 2721 αὐτὸν]
625 2635 692 2716 περὶ
720 2630 822 2700 αάτων
916 2641 956 2700 25
989 2638 1056 2719 τοῦ]
1087 2631 1125 2698 τά

157 2728 212 2782 τοῦ
298 2725 337 2784 27
361 2718 584 2804 διεφθάρσθαι]
609 2717 809 2800 διεφθάρθαι.

223 2804 294 2879 145,
317 2804 359 2869 23
382 2805 413 2868 δὲ
400 2805 427 2889 ὲ]
451 2803 551 2890 δδτρῖ
636 2811 676 2872 26
699 2807 750 2868 παλ
771 2820 836 2886 post
858 2807 1003 2891 κοινωνία
1024 2825 1080 2870 mn

156 2893 196 2952 27
220 2889 308 2972 γοῦν]
333 2877 389 2953 οὖν
474 2895 514 2953 32
528 2869 567 2968 ἐξ
588 2885 690 2997 ὑμῶν]
711 2887 778 2966 ἐξ
761 2915 856 2973 ημων.

219 2974 296 3047 146,
325 2973 366 3038 23
398 2967 581 3060 ἀποστάτας]
611 2982 739 3050 Σκοθας
830 2981 870 3038 26
899 2972 1122 3058 διαφανοάσης]

157 3059 316 3140 φαοούσης
402 3065 449 3124 27
472 3066 534 3134 τοῖς
555 3063 615 3123 τάν
637 3061 823 3143 Βονλγάροον
843 3053 950 3161 ὁρίοις]
979 3082 1053 3205 τοιςί
1062 3060 1125 3122 τῶν

155 3145 285 3206 σιιτιθων
311 3142 426 3219 τούτοις
435 3141 548 3244 ὁρίοις
635 3149 675 3210 29
704 3149 757 3207 καί
782 3170 809 3208 τι
838 3139 970 3228 συμβάν]
999 3146 1053 3206 καί
1079 3165 1124 3205 τοι

155 3233 277 3311 συμβάν
335 3235 403 3292 32
427 3220 468 3291 ἀν
491 3233 543 3290 καί
563 3224 647 3310 τι]”
626 3255 678 3307 ων,
700 3229 752 3293 ἐ’.τι

221 3310 433 3385 147,14τοῦ
456 3314 583 3416 ἔθνους]
606 3316 660 3376 τοῦ
683 3337 735 3377 om.
807 3321 844 3378 17
868 3307 969 3376 αὐτῶν
991 3327 1056 3395 post
1070 3301 1123 3376 αὖ·

157 3403 209 3472 θις
232 3420 286 3460 om.
375 3402 414 3459 31
438 3392 555 3480 αὐτοῖς]
579 3391 681 3477 αὐτῆς.

219 3479 332 3552 1481
356 3473 582 3563 ἀπόπτουον]“
566 3479 742 3545 υπάπτεοου
807 3490 826 3547 8
848 3483 1030 3566 βουλεσθαι]
1053 3485 1123 3563 βον-
