2550 3854
193 231 252 296 152
534 231 817 285 ANNOTATIONES
904 234 907 238 ’

255 371 311 444 50,
334 328 364 429 4.
398 362 589 474 ἐπιτρόπους]
625 371 774 446 Gregorius
801 373 829 428 ln
856 371 960 430 vitaS.
983 370 1106 428 uestiti·
1097 387 1160 429 run.

190 474 218 516 ιι.
244 458 285 516 10
311 450 515 556 παρελθόντος
538 446 596 514 οὖν
616 447 723 512 τούτου
744 473 775 512 τε
796 473 831 512 τα
843 460 998 554 σκῆπτρα
1017 449 1157 530 κατέχον-

190 558 240 610 τος
261 535 405 612 Λέοντος,
434 530 496 615 μετ’
521 527 663 599 ἐνιαυτὸν
684 535 737 596 καλ
758 531 871 616 μικρόν
891 557 920 597 τι
942 527 1034 636 πρὸς,
1062 532 1160 596 καὶὸ

73 622 77 630 ’
190 619 300 683 τούτου
321 613 506 698 αιἰτιὶδελφος
527 618 651 700 μετέστη
670 616 878 700 Ἀλέξανδρος,
901 616 1041 720 διάδοχον
1063 643 1158 681 ιιατα-

189 707 353 786 λελψας
315 729 370 783 της
390 706 542 787 βασιλείας
563 701 616 766 τὸν
638 703 671 766 lu
693 726 746 765 του
734 704 894 778 Λέοντος
915 699 1046 783 ἀνεψιὸν
1069 709 1159 766 ilor-
1260 733 1261 740 ι

95 797 108 814 “
189 797 359 894 σταντῖνον,
382 789 440 852 cir
461 793 499 876 τῇ
520 789 609 870 μητρὶ
632 786 727 851 αντοῦ
749 791 852 895 Ζοιῇ,
858 785 971 868 νήπιον
994 789 1025 851 δὲ
1047 789 1160 888 κομιδῆ

190 871 279 936 ὄντα·
301 873 476 957 ἐκιτρόποος
497 873 530 937 δὲ
551 873 603 936 cul
625 873 763 953 φύλακας
784 869 869 960 αὐτῷ
890 868 1083 952 ἕπαφῆνε’
1049 897 1105 936 τον
1127 895 1162 934 τε

186 950 433 1060 Ἀρχιεπλοιιοπον
446 955 793 1032 Κανσταντινοῢπόλεοις
807 935 971 1036 Νικόλαον,
994 957 1046 1019 καὶ
1057 953 1162 1022 'Iusiu-

190 1067 247 1146 νρν
269 1038 321 1107 τὸν
345 1046 523 1145 Μιὶγιστρον
543 1042 597 1107 τὸν
620 1045 772 1124 Γαριδᾶν,
801 1043 853 1105 καλ
874 1066 945 1118 τονς
966 1037 1022 1119 οὖν
1044 1038 1158 1120 αὐτοῖς,

190 1151 247 1206 την
268 1131 419 1230 βασίλειον
441 1123 538 1210 ἀρχὴν
561 1130 603 1214 τῷ
624 1127 710 1189 παιδὶ
734 1130 954 1210 σνντηροῦντας
975 1127 1018 1208 μή
1038 1152 1082 1203 τις
1104 1123 1159 1209 ἆρ-

191 1209 253 1275 πιὶσ
284 1207 401 1291 αιἰ.τήν

252 1239 307 1377 lo,
331 1303 379 1361 14.
410 1299 504 1359 παῖδα
526 1297 569 1360 ἔτι
584 1296 781 1380 τυγχάνοντα]
805 1303 1007 1378 Liuthprandus
1030 1303 1060 1374 3,
1075 1304 1100 1378 ,7
1123 1303 1160 1360 de

191 1387 282 1445 Leone
303 1387 369 1463 Imp.
411 1388 586 1464 Ubicumque
600 1391 690 1461 pilium
708 1387 933 1459 Constantinum,
950 1392 1003 1462 qui
1015 1403 1093 1445 nunc
1109 1403 1157 1444 us·

192 1488 248 1547 que
267 1479 410 1547 superest,
433 1479 461 1531 et
479 1473 609 1546 feliciter
630 1480 742 1548 repunt,
765 1475 935 1545 porculum,
958 1480 986 1529 et
1000 1478 1032 1530 ut
1048 1471 1164 1529 Graeci

193 1562 284 1630 aiunt,
306 1548 431 1628 ἄλαλον,
454 1559 484 1615 id
498 1565 540 1615 est
553 1563 661 1622 mutum
676 1564 703 1614 cl
718 1556 861 1630 infantem
876 1558 1037 1631 dereliquit.

256 1641 307 1714 50,
332 1643 381 1704 16.
412 1632 428 1700 ὁ
450 1634 505 1715 μὲν
525 1635 577 1698 τὸν
599 1645 655 1698 cori
677 1631 782 1697 Δούιια
804 1636 873 1719 etc]
904 1640 1063 1716 'tyrannidis
1085 1639 1159 1697 Gon·

192 1727 304 1784 stamini
333 1727 420 1785 Ducae
449 1726 593 1783 Historiam
621 1743 686 1801 prae
719 1727 834 1783 coeteris
862 1734 986 1784 accurate
1014 1725 1163 1799 descripsit

193 1811 341 1887 Gregorius
363 1813 391 1868 in
409 1813 463 1867 vita
485 1809 512 1866 S.
528 1810 617 1867 Basilii
635 1810 750 1868 iunioris
772 1811 876 1884 cep.9.
903 1809 952 1868 19.
977 1810 1026 1866 11.
1050 1808 1156 1866 1213

191 1904 219 1951 et
243 1893 298 1968 14,
322 1912 337 1950 a
359 1911 413 1968 quo
436 1901 579 1951 excusatur
587 1895 766 1969 ,multisque
792 1893 916 1952 laudibus
938 1893 1095 1966 extollitur,
1122 1892 1162 1949 ob

191 1979 261 2035 vitae
283 1978 446 2080 probitatem
469 1986 497 2034 et
517 1977 640 2036 bellicam
663 1980 800 2036 virtutem.

257 2060 315 2132 50,
338 2061 388 2120 23.
419 2049 503 2119 οινε
490 2051 533 2129 εἷς
554 2051 692 2120 εἷναιλέ
660 2057 787 2140 λέγεται]
820 2061 899 2130 Quod
927 2072 955 2120 et
983 2070 1100 2120 testatur
1129 2063 1160 2118 in

191 2147 286 2221 primis
307 2146 379 2202 idem
401 2146 549 2221 Gregorius
573 2163 630 2221 cap.
656 2147 696 2204 10
718 2155 745 2204 et
771 2147 818 2204 11.

255 2229 305 2302 50,
330 2230 380 2292 26.
412 2226 581 2308 τυραννίδι]
607 2231 636 2288 ln
657 2232 812 2290 huiusmodi
831 2231 1004 2307 Reipublicae
1026 2232 1155 2287 mutatio·

191 2314 288 2388 nibus,
317 2318 473 2391 sceptrique
501 2315 533 2372 ab
556 2333 609 2374 nna
630 2311 732 2373 iamilia
758 2317 790 2374 ad
816 2316 895 2373 aliam
922 2331 972 2391 per
1002 2316 1160 2390 usurpatio·

192 2415 254 2456 nem
276 2409 323 2456 aut
346 2400 514 2474 tyrannidem
538 2402 731 2472 translatione,
759 2403 817 2458 iere
839 2416 946 2476 semper
968 2398 1106 2458 accidebat
1128 2407 1172 2454 ut

191 2484 220 2540 in
242 2483 348 2559 imperii
370 2484 516 2559 provinciis
537 2485 631 2560 paullo
646 2485 850 2556 remotioribus,
859 2485 1020 2542 seditiones
1040 2485 1161 2557 novique

193 2575 284 2636 motus
307 2570 497 2630 excitarentur
535 2569 791 2644 Liutbprandust,
815 2569 870 2628 12.
893 2576 921 2626 et
936 2573 1012 2628 sieut
1029 2572 1097 2643 fieri
1110 2584 1160 2624 os-

193 2655 278 2723 solet,
298 2657 394 2724 primo
416 2671 472 2728 quo
488 2649 638 2712 Romanus
658 2656 786 2727 suscepit
800 2645 976 2727 Imperium,
998 2655 1159 2712 nonnullae

195 2738 222 2794 el
234 2744 342 2811 pentes,
357 2740 534 2810 praesertim
546 2724 742 2810 Ἀνατολιιιαλ,
759 2738 813 2796 boc
829 2745 871 2796 est
889 2737 1060 2810 orientales,
1078 2741 1160 2795 vitoe

194 2826 262 2877 suut
285 2822 438 2878 rebellare.
543 2829 545 2834 '

259 2904 316 2978 51,
340 2905 390 2964 21.
421 2899 531 2980 ἐξέτεμε
559 2893 615 2980 τὴν
636 2896 786 2984 κεφαλὴν]
815 2907 854 2964 lta
876 2907 930 2964 Leo
954 2907 1160 2976 Grammaticus,

194 2987 335 3062 Seyiitzes,
357 2989 521 3065 Logothcta,
546 2997 573 3048 et
595 2991 648 3048 alii.
693 2993 727 3048 tt
750 3000 846 3050 auctor
868 2993 939 3048 vitae
962 2990 990 3047 S.
1006 2990 1097 3046 basilii
1118 2991 1159 3046 iu·

193 3073 279 3128 moris
300 3075 416 3172 sagittae
437 3076 494 3132 ictu
519 3077 547 3134 in
562 3075 657 3132 dextra
672 3076 842 3134 vulneratum
858 3077 946 3151 primo
967 3073 1072 3146 scribit,
1094 3090 1162 3132 con·

195 3158 356 3232 tinuoque'
349 3175 377 3216 ιιι
399 3166 500 3216 terram
521 3159 665 3234 decidisse,
687 3170 837 3236 posteaque
858 3163 1061 3234 interemptum.

244 3241 308 3337 52,
333 3241 361 3301 8.
391 3235 424 3298 ἐκ
440 3237 681 3382 Χριιοοιιόλεοις]ν
694 3245 812 3320 Symeon
827 3244 946 3320 Logoth.
968 3253 996 3300 et
1018 3243 1161 3316 Scylitzes,
1254 3303 1261 3322 .

193 3314 253 3382 απὸ
275 3323 330 3382 τοῦ
345 3323 466 3428 Δαμαλί
464 3343 500 3384 ov
521 3323 605 3404 μέχρι
626 3326 681 3386 τοῦ
703 3325 883 3386 Λινιιατίοιι.

258 3411 309 3482 52,
332 3411 382 3468 24.
413 3402 430 3468 ὁ
456 3405 488 3469 δὲ
506 3405 680 3512 Βονλγαρος
688 3399 841 3512 Συμεαν]
871 3413 930 3468 Vita
959 3411 987 3470 S.
1009 3410 1126 3469 Lucae
1119 3427 1163 3467 ιιι-

194 3495 329 3570 niorisp.
355 3495 430 3554 977:
454 3487 583 3572 Συμεὼν
604 3489 663 3576 γὰρ
684 3487 700 3555 ὁ
723 3497 777 3555 τοῦ
797 3491 961 3555 aiveinon
983 3482 1126 3564 l9rou9'
1107 3512 1161 3572 αρ-
