2544 3852
538 202 588 254 AD
605 203 688 256 VOL.
706 203 753 259 1v.
1064 203 1124 268 181

226 342 368 416 183,15
404 333 419 397 ὁ
444 332 600 417 Κομνηνὸς
617 333 778 420 Ισαιῖκιος]
802 345 887 414 Quem
902 343 1036 402 Colonaea
1058 345 1124 404 urbe

160 425 204 505 (de
227 445 280 503 qua
302 430 360 504 agit
381 427 576 484 Constantinus
598 427 644 486 lib.
671 429 744 486 lde
767 429 890 486 Themat.
872 447 986 530 ³1⁰³?
996 423 1045 505 10)
1071 433 1123 488 ori·
1114 434 1177 486 1-14
1250 452 1253 458 ·

160 513 270 611 updum
284 511 378 572 scribit
400 511 511 568 llichael
532 511 667 570 Pscllus'
660 530 688 570 rn
710 515 773 570 hist.
789 531 840 570 ms
864 500 904 587 ἦν
926 505 986 568 t
971 531 986 568 ο
1007 515 1123 590 Κομνρ

160 585 212 666 νὸς
233 580 320 666 οὗτος
341 592 561 654 Κολανείαθεν.
606 597 672 654 Vide
694 597 786 658 Fannii.
810 598 1069 673 Constantinopolit.

225 681 296 754 184,
321 682 369 739 14.
398 671 592 759 πραιτώριον]
617 684 652 739 lle
667 682 807 740 Praetorio
830 691 858 740 et
879 683 1030 742 carceribus
1045 684 1125 742 Prae·

161 769 224 824 torii
246 769 352 842 egimus
374 769 402 824 in
424 767 660 842 Constantinopoli
682 768 729 824 lib.
746 767 774 828 2.
791 772 857 825 sect.
875 770 904 828 9.
927 786 954 824 n.
972 769 1000 840 6,
1027 767 1124 842 quibus

160 853 225 909 haec
246 852 307 908 addi
333 851 413 908 velim
440 868 474 908 er
501 853 554 908 vita
577 869 625 909 ms.
654 851 682 908 S.
705 852 870 947 Stephoni'
863 855 995 911 iunioris:
1025 843 1065 922 ὥς
1094 847 1126 910 61

160 929 227 1007 ἐξίει
247 927 411 1034 συρόμενος
432 923 526 1004 είς
495 955 551 1028 την
572 926 694 1011 πρώτην
716 930 817 1007 πύλην
844 936 898 994 τοῦ
921 933 1124 1032 Πραιτιορίου,

159 1010 254 1089 εἰς
222 1040 258 1076 πα
279 1013 422 1121 πρόθυρα
444 1008 566 1092 φθάσας
588 1018 641 1077 τοῦ
663 1013 794 1079 ἕκεῖσε”
777 1038 861 1091 ουτος
883 1020 994 1079 σεπιοῦ
1017 1009 1122 1094 εὖνιν

161 1102 227 1182 ρίου
249 1103 302 1162 τοῦ
324 1097 413 1180 ἁγίου
435 1098 693 1205 μογαλρμοὶρινρος
718 1098 874 1181 Θεοδώρου
896 1117 949 1166 etc.

227 1191 295 1262 184,
320 1191 370 1250 32.
403 1182 674 1269 προποσνγιιελλος]
699 1190 783 1260 Quem
799 1210 881 1268 supra
903 1193 975 1250 nude
992 1183 1123 1268 Σύγκελ

160 1276 212 1331 λου
235 1277 389 1350 appellavit.

225 1359 370 1432 191,12.
402 1349 800 1438 ἆπηλθετωνβασιλείων]
823 1361 885 1418 m·
877 1379 905 1418 ru
928 1362 1122 1418 Monasterium

158 1447 303 1502 concessit.
348 1445 851 1518 AnonymusltarensiszAn.1058
880 1446 945 1505 Ind.
969 1445 1015 1504 11.
1053 1446 1125 1502 Sur-

159 1534 239 1586 rexit
268 1528 428 1586 Commiono
455 1531 528 1602 Imp.
556 1528 679 1586 Mickor'l
706 1546 774 1588 cero
801 1531 876 1604 Imp.
905 1533 1040 1588 induerat
1062 1530 1124 1587 Mo-

158 1615 322 1671 aeolicum.

225 1697 296 1771 192,
321 1698 350 1756 7
382 1694 436 1752 τοῦ
458 1693 526 1772 βίον
547 1685 627 1776 αὐτῷ
650 1685 812 1774 κοινωνὸν]
836 1699 1068 1770 Aicotlicrinem,
1092 1698 1125 1753 acl

157 1800 240 1857 quam
262 1784 363 1856 scripta
384 1783 486 1856 legitur
507 1782 590 1838 Pselli
612 1781 732 1856 Epistola
753 1785 781 1840 in
804 1783 864 1840 cod.
881 1799 939 1858 reg
957 1784 1010 1840 hoc
1033 1783 1124 1856 titulo,

160 1885 197 1944 cp
221 1862 363 1946 δεσποίνῃ
384 1861 584 1945 Αίιιαθερίνῃ.

224 1952 292 2015 193.
309 1951 359 2009 31.
383 1945 433 2006 καί
448 1949 491 2030 τῷ
510 1947 619 2030 Ψελλρι
632 1943 831 2029 αίτιαμοίιων]
856 1951 935 2009 Extat
955 1954 1027 2008 inter
1042 1966 1124 2026 opera
1151 2009 1155 2014 ,

159 2035 239 2092 Pselli
262 2036 465 2094 calumniatoris
486 2038 538 2093 ista
553 2037 581 2092 in
597 2007 751 2093 llichaelem
766 2037 951 2094 Caerularium
965 2037 1039 2095 Patr.
1056 2036 1125 2093 Con·

159 2121 336 2195 stantinopoi.
361 2121 394 2176 ad
416 2121 556 2195 Synodum
579 2121 650 2178 dicta
673 2125 770 2193 oratio,
795 2139 863 2196 quac
884 2122 1041 2196 propediem
1064 2138 1125 2178 cum

159 2204 280 2262 eiusdem
304 2206 428 2275 historie,
451 2215 480 2263 et
503 2206 608 2278 aliquot
629 2205 688 2261 aliis
704 2207 843 2280 opusculis
859 2214 887 2262 et
902 2205 1037 2279 Epistolis,
1061 2222 1126 2278 pro·
1228 2209 1231 2212 '

163 2289 231 2346 dibit
254 2307 313 2346 cum
337 2291 461 2347 versione
482 2287 636 2346 Combclisii
658 2306 691 2346 en
714 2291 903 2365 Typographia
925 2290 1017 2362 Regio.

229 2373 300 2446 196,
323 2374 350 2435 2.
372 2369 414 2441 εἰς
437 2365 531 2446 ὄνομα
553 2370 607 2429 τοῦ
629 2369 773 2451 σωτῆρος]
801 2374 838 2430 De
860 2375 910 2429 hac
932 2372 997 2429 aede
1021 2375 1126 2447 egimus

161 2461 190 2515 in
214 2457 451 2532 Constantinopoli
473 2457 574 2515 Christ.
597 2456 643 2514 ubi
665 2457 699 2514 de
722 2460 787 2515 aede
810 2457 836 2518 S.
852 2457 977 2514 Theclae.
1013 2457 1127 2514 Videtur
1158 2499 1163 2504 -

159 2559 245 2616 porro
272 2543 319 2599 ille
340 2545 399 2618 ipsa
421 2543 501 2600 aedes
526 2560 605 2616 quam
627 2541 659 2598 ab
682 2543 781 2599 loanne
807 2542 942 2598 conditam
970 2542 1047 2598 aiunt
1075 2541 1124 2598 sub

160 2628 270 2684 nominc
291 2633 346 2683 root
368 2619 632 2702 Παντοκρατορος,
662 2625 696 2682 de
719 2644 771 2701 qua
794 2629 897 2702 pariter
919 2627 946 2682 iu
970 2625 1061 2682 eadem
1084 2625 1126 2682 lu·
1259 2689 1264 2696 ,

160 2711 320 2768 cubratioue
343 2721 384 2769 sat
406 2712 491 2768 multa
513 2730 528 2768 a
550 2711 628 2769 nobis
645 2710 798 2768 observata:
821 2713 898 2768 cuius
913 2712 1005 2782 etiam,
1028 2717 1059 2766 ut
1074 2710 1126 2768 lroc
1247 2717 1253 2726 “

162 2795 251 2852 obiter
273 2812 414 2870 moneam,
444 2814 475 2853 ea
498 2805 555 2853 erat
576 2798 779 2871 praerogativo,
803 2804 835 2852 ut
855 2794 929 2852 illius
950 2794 1125 2869 llegumenus
1226 2793 1234 2802 '
1261 2785 1263 2792 '

159 2880 253 2936 multis
276 2881 334 2938 aliis
357 2881 528 2937 Monasteriis
552 2898 604 2937 uua
627 2889 699 2937 esset
720 2882 885 2955 praelectus,
908 2880 959 2936 nisi
980 2879 1052 2936 sorte
1075 2877 1125 2935 En·

158 2965 231 3022 archi
254 2965 354 3023 obierit
376 2965 551 3039 dignitatem,
575 2965 608 3022 de
631 2983 683 3039 qua
705 2964 851 3022 consulere
872 2965 936 3022 licet
958 2963 1125 3020 Glossarium

158 3049 191 3104 ad
213 3051 361 3124 scriptores
384 3049 455 3107 med.
472 3049 586 3107 Graecit.
609 3051 646 3106 ite
669 3058 700 3106 ut
714 3049 867 3106 visitatoris
889 3050 982 3124 potius
1005 3046 1124 3104 officium

158 3136 320 3191 exercuerit.
366 3134 506 3190 Balsamon
534 3134 567 3190 ad
589 3135 771 3190 Nomocanou
794 3133 885 3191 Photil
914 3135 953 3190 tit
979 3135 1007 3189 1.
1036 3149 1059 3190 c
1084 3131 1125 3191 20

158 3212 242 3273 εί
205 3235 263 3292 γαρ
286 3235 342 3275 ουκ
364 3212 480 3315 ἐφεῖσαι
501 3215 692 3316 κληρουσθαί
717 3235 785 3275 τινα
813 3214 854 3286 είς
877 3209 932 3275 δυο
960 3210 1125 3290 ἐκκλησίας,

158 3300 256 3382 πολλοι
283 3297 374 3360 πλέον
401 3289 510 3360 ουδὲ
493 3318 657 3376 ηγουμενος
686 3291 739 3358 δύο
768 3299 973 3378 μοναστηρίοιν
998 3291 1125 3374 προστή-

158 3398 247 3460 σεται,
272 3379 369 3483 ωσπερ
391 3377 461 3446 οὐδὲ
482 3381 598 3463 κεφαλὴ
621 3384 674 3482 μία
689 3379 743 3442 δυο
758 3380 911 3482 σωμάτιον.
942 3406 975 3442 co
965 3377 1025 3442 δὲ
1039 3385 1124 3462 προΐ-

157 3473 286 3528 στασθαι
307 3460 360 3530 τὸν
374 3459 667 3553 Παντοκρατορηυὸν
685 3462 871 3549 Ἡγουμενον
892 3467 1011 3528 πολλῶν
1033 3487 1124 3545 μονα·
