2532 3844
134 222 268 275 ccxmv
507 225 556 275 AD
574 223 659 276 VOL.
677 225 726 276 IV.

136 352 232 440 δι’σπερ
256 356 367 432 ἔνθους
454 363 472 421 8
501 380 531 418 τε
552 373 616 439 μυεῖ
638 351 777 437 ἀνέστησε
806 381 859 420 om.
948 365 988 422 10
1015 359 1100 437 βασι-

134 443 195 526 λεῖ]
223 445 342 545 βασιλεῖ
361 460 408 504 σοι
484 447 523 505 13
551 465 582 506 τε
606 465 659 506 om.
742 437 820 506 24
810 438 857 504 ότε
881 444 922 516 εἰς
947 439 1099 505 Θεοδοσιό-

135 521 273 611 πολιν]“
262 550 280 588 ο
303 527 335 591 δέ
358 527 399 603 εἰς
420 527 636 589 θεοδοσοπολιν
659 531 729 629 (sic).

196 613 269 685 217,
292 613 315 676 4
337 602 457 696 δεοι]
436 635 475 674 αν
491 611 552 675 δέοι
616 619 657 676 25
678 608 731 674 τὸν
748 607 926 718 Ἀλυάττην]
950 606 1002 675 τὸν
1018 604 1101 674 7117-

133 723 188 778 την
276 705 315 763 27
342 697 506 781 Διογένην]
531 697 651 780 διογένη
673 711 701 761 ελ
723 705 763 762 sic
785 721 893 779 semper
914 706 942 760 in
965 721 1042 778 seqq.

203 801 276 874 218,
300 800 430 882 2γοῦν]
454 791 512 862 οὖν
597 805 617 862 4
646 801 875 901 προσμίγνοται]
900 795 1101 900 συρρήγνυται

138 893 155 949 7
178 886 391 986 περικαθίσας]
414 887 650 1031 παρακαθίσαςέ
694 892 733 949 13
758 881 912 1031 διδόντος]
927 882 1060 959 διδόντες

135 977 171 1035 ih.
193 967 331 1054 πάσεται]
355 971 484 1032 πείσεται
573 968 650 1034 17έ
650 994 668 1030 ν
690 967 831 1055 αὐτῳ]έ
831 974 912 1055 αυτῷ
1000 975 1039 1034 18
1062 961 1102 1043 ὥς

134 1053 288 1138 ὑπόληψις
316 1071 378 1118 ante
404 1051 566 1136 φαρμάκου
594 1078 648 1120 om.
736 1062 777 1120 20
804 1058 911 1136 ψηφος
938 1054 1100 1136 βασίλειος]

135 1142 283 1245 βασίλειος
305 1143 411 1220 ψῆφος
491 1146 530 1204 29
552 1135 708 1224 σκήψεως]
731 1136 852 1220 σήψεως
926 1147 967 1206 30
989 1139 1102 1212 ἐκεῖνος

136 1242 198 1290 ante
219 1221 356 1309 ἀνήγειρε
379 1249 432 1288 om.

200 1327 274 1402 219,
298 1331 318 1397 9
340 1327 472 1411 Καισαρ]
500 1326 552 1389 καὶ
574 1328 681 1408 καίσαρ
770 1334 808 1391 12
836 1333 1036 1410 Praeseriptum
1058 1333 1102 1390 lit·

136 1489 203 1544 teris
225 1489 316 1545 rubris
337 1482 473 1564 βασιλεία
495 1471 532 1562 μϊ
556 1483 612 1543 τοῦ
634 1482 728 1542 δοῦκα
750 1483 804 1543 τοῦ
829 1478 987 1563 λεγομένου
1009 1502 1103 1560 παρα-

136 1590 261 1630 πινακεε
286 1605 324 1614 -—
401 1574 440 1630 19
463 1566 585 1668 τοῦτον]
609 1567 724 1630 τουτων
804 1571 844 1629 24
866 1565 971 1650 γέμον]
993 1564 1100 1666 γε’μοτν

199 1651 319 1724 220,1
349 1646 520 1734 τούτων]’
506 1675 523 1714 ο
551 1654 649 1714 τοῦτο
737 1657 757 1713 4
786 1653 828 1736 τῷ
852 1651 966 1750 δοκεῖν]
997 1644 1029 1712 τδ
1053 1650 1102 1710 δο-

137 1743 204 1799 κεῖν
290 1745 308 1800 7
322 1736 509 1836 διαλέγοιτο]
536 1735 702 1840 διαλέγεται
790 1741 830 1800 23
859 1729 1002 1820 ἐπῄεσαν]
1027 1733 1102 1796 έπΐε-

137 1843 193 1882 σαν
278 1815 347 1896 τοδς
369 1824 462 1905 σφᾶς]
495 1824 550 1882 τοῦ
571 1827 651 1899 σφᾶς
738 1827 782 1900 23
805 1822 986 1904 βασιλικαῖς]
1016 1824 1102 1902 βασι-

137 1908 235 1979 λικως

199 1989 272 2080 222,
299 1990 338 2054 15
360 1991 573 2075 μεταθέμενος]
598 1990 813 2090 περιθέμενος
881 1998 920 2056 16
943 1986 1055 2127 ὅλδὲ]
1040 2014 1056 2052 ο
1072 1987 1105 2050 δέ

138 2168 169 2246 γε
191 2159 255 2224 post
276 2140 374 2224 ἄνδρα
402 2143 435 2208 δέ
456 2166 511 2210 om.
555 2150 596 2206 Ad
624 2168 711 2226 marg.
734 2145 802 2253 περὶ
828 2149 882 2206 τοῦ
909 2147 983 2225 βασι·
1008 2144 1104 2225 κυροῦ

137 2221 253 2306 ἆλεξίου
275 2231 328 2292 τοῦ
351 2231 520 2310 κομνηνοῦε
542 2267 585 2276 -
650 2236 691 2296 26
713 2223 785 2314 ουν]
807 2231 885 2313 γοῦν
950 2235 991 2294 30
1013 2251 1104 2290 κοτα-

141 2313 305 2398 κέκλειστο]
330 2316 559 2381 κατεκέκλειστο.

200 2400 278 2474 223,
305 2395 369 2462 1'
352 2425 367 2463 ο
391 2399 451 2462 ἐστι
472 2393 673 2481 μεδίμνου
641 2425 675 2462 το
703 2401 842 2483 τέταρτον
869 2413 933 2480 post
961 2419 1104 2462 πινακιον

142 2509 195 2549 orn
261 2488 409 2550 3τοῦτον
431 2487 605 2568 καλεῖσθαι]
625 2490 789 2554 καλεῖσθαι
810 2485 917 2548 τοῦτον
992 2483 1103 2566 4περλ

138 2563 232 2632 αὐτοῦ
255 2570 391 2652 λέγουσιν
413 2586 489 2670 post.
499 2578 604 2633 τοῦτον
626 2595 681 2635 om.
749 2578 786 2636 ih.
809 2570 951 2656 εἴπη]”
919 2590 999 2632 ειποι
1065 2575 1106 2636 20

140 2657 228 2717 τοῦτο
252 2658 391 2759 ποιῆσαι]
416 2657 540 2734 ποιησαι
567 2658 654 2720 τοῦτο
740 2663 779 2720 21
804 2654 943 2758 ἐκδοθείη
965 2647 1106 2734 Νικηφό-

140 2740 207 2822 ρος]
230 2737 396 2844 νικηφόρος
418 2740 557 2846 ἐκδοθείη
612 2746 652 2804 25
675 2766 711 2804 τα
701 2733 874 2826 Θργκων]
898 2733 934 2802 τὰ
949 2749 1013 2804 τοῖν
1028 2745 1105 2825 θργ-

0 2815 1 2850 ³
98 2827 204 2886 ,κῶν
291 2822 365 2890 27
353 2823 392 2905 ην
414 2824 481 2908 καὶ]
504 2827 555 2886 καὶ
579 2847 633 2890 om.

205 2925 276 2998 224,
299 2925 548 3032 2τραγοσκελὲς]
572 2925 623 2988 καὶ
647 2927 835 3029 τραγοσκελές
900 2936 941 2993 10
960 2921 1102 3010 ἆντικρδ]

138 3032 180 3073 αν
202 3018 229 3074 in
252 3017 307 3074 ssne
328 3020 454 3094 paginae.
542 3018 583 3075 22
612 3009 795 3096 ἐπλήρωσεν]
820 3011 979 3092 ἐνέπλησεν
1066 3018 1106 3076 24

140 3153 173 3224 τδ
196 3165 242 3246 Ν]
268 3168 320 3228 τοῦ
343 3169 381 3228 νδ
446 3172 487 3230 30
508 3164 593 3252 αὐτῷ
614 3165 810 3248 περιθέμενος
832 3165 883 3227 καλ
905 3165 1016 3250 σχῆμα]
1040 3116 1098 3226 έαυτ

142 3248 340 3329 περιθέμενος
362 3269 472 3353 σχημα.

205 3333 282 3408 225,
306 3335 349 3398 20
370 3327 468 3419 οὗτοι]
491 3325 592 3400 αὐτὸν.

205 3417 325 3493 226,1
355 3397 619 3501 καταλειφθέντες]
649 3419 891 3522 καταληφθέντες
979 3425 1107 3499 Ἱμετα-

141 3503 261 3592 στηναι]
284 3505 503 3584 μεταναστῆναι
591 3509 633 3567 20
661 3500 812 3588 Σοολταν]
836 3501 989 3567 σουλτοίνοι
1067 3508 1107 3568 22
