2550 3854
470 247 519 298 so
539 249 622 301 von.
641 251 692 302 111.
1030 251 1071 315 75

108 386 222 444 Senatus
244 404 297 444 una
319 403 379 444 cum
394 385 531 445 Fortunae
553 387 627 446 urbis
649 399 739 448 statua
755 389 910 464 complures
931 391 997 448 aliae
1016 400 1070 448 ste·

6 497 7 516 r
106 473 190 528 tarint
211 479 326 529 statuae.

170 556 242 630 264,
265 555 315 614 23.
348 545 510 614 'lucerinae
532 553 583 614 nul
603 543 833 634 Ἰουστινιανὸν]
858 557 924 614 Vide
947 557 1071 616 llleman·

6 715 8 726 ,
107 656 170 696 num
193 642 227 698 ad
247 641 375 716 Procopii
396 641 540 700 Historiam
564 660 688 701 arcanam
710 662 770 719 cap.
794 641 823 699 6.

6 769 8 806 ,
169 723 248 799 265,
272 725 299 786 9.
331 715 500 803 τεθνηκώς]
530 730 687 786 Anastasius
709 729 776 791 Bibl.
806 727 833 782 in
855 726 997 784 Hormisda
1019 728 1068 784 PP.

5 813 8 854 l
105 810 215 867 Eodem
236 817 363 884 tempore
384 819 457 868 nutu
478 815 634 871 diuinitatis
650 827 815 886 percussus
830 819 873 868 est
889 811 1014 884 fulmine
1029 814 1071 868 di·

27 963 33 974 ¹
106 898 171 952 aino
191 893 367 954 Anastasius
387 896 566 969 Imperator,
591 905 619 954 et
639 899 715 956 abiit.
760 895 879 953 Codinus
901 913 929 970 p.
955 896 996 954 60
1018 896 1071 953 lul·

107 979 180 1036 mine
205 982 290 1036 ictum
315 977 491 1038 Anastasium‘
515 983 544 1038 in
570 982 730 1057 llagnaurae
755 979 858 1039 Palatio
885 979 993 1053 scribit,
1019 982 1072 1055 'qui

104 1079 166 1120 cum
196 1065 388 1138 exclamasset,
412 1053 453 1120 Ὦ
478 1058 559 1140 peirn
584 1055 647 1123 ὑπὸ
671 1056 767 1142 αὔρας
792 1053 977 1138 ἀπόλλυμαι,
1008 1065 1071 1121 hinc

104 1146 268 1223 llagnaurae
287 1165 387 1206 nomen
408 1149 476 1206 illud
494 1150 663 1210 obtinuisse.
706 1151 762 1209 Nec
784 1149 888 1210 abludit
909 1149 1070 1224 Liuthpran-

107 1231 160 1288 dus
183 1233 213 1302 6,
239 1235 276 1290 11
301 1234 392 1308 quoad
413 1236 653 1308 nomenclaturam,
676 1234 797 1294 scribens
820 1236 859 1291 sic
881 1234 982 1291 dictum
1003 1233 1072 1290 illud

104 1317 255 1390 Palatium,
278 1319 355 1392 quasi
378 1335 484 1394 mapna
507 1323 594 1390 aula,
622 1338 638 1392 ρ
661 1320 723 1378 loco
746 1320 763 1375 l
784 1322 873 1396 posita
894 1319 981 1375 litera.
1018 1317 1072 1374 Sed

4 1401 5 1406 ’
103 1419 161 1459 non
184 1404 294 1460 omnino
320 1402 494 1478 improbanda
515 1405 622 1462 ridetur
643 1404 738 1461 Godini
759 1405 907 1474 sententia,
938 1403 1072 1478 siquidem

103 1503 166 1544 curn
188 1491 217 1544 in
239 1489 373 1562 superiori
395 1495 424 1544 et
445 1488 588 1545 excelsiori
610 1488 684 1544 tubis
705 1497 784 1562 parte
799 1486 968 1546 aedificatum
988 1495 1071 1559 esset,

105 1573 194 1629 venus
217 1574 387 1646 caeterisque
401 1574 471 1628 aeris
485 1573 590 1629 iniuriis
610 1574 765 1652 expositum
786 1579 861 1628 erat:
885 1571 958 1645 quod
973 1573 1001 1627 in
1016 1572 1072 1644 pri·
1141 1641 1144 1647 Ι

104 1659 157 1714 mis
179 1665 296 1714 testatur
322 1657 394 1713 idem
416 1656 617 1732 Liuthprandus
643 1660 673 1713 in
698 1657 861 1730 Legationes
889 1672 950 1712 nam
979 1653 1071 1712 ibide

22 1743 25 1752 '
105 1743 160 1800 hoc
180 1742 282 1799 Palatio
305 1741 382 1815 loqui
402 1748 526 1813 constat,
552 1742 617 1799 licet
637 1741 705 1798 illud
727 1758 783 1798 nou
805 1743 937 1811 nominet,
960 1755 1021 1796 cum
1043 1740 1072 1796 in

4 1851 5 1856 ¹
106 1845 140 1884 eo
163 1828 249 1901 excipi
271 1827 392 1884 solerent
413 1824 523 1900 Legati:
549 1827 649 1885 Pridie
671 1827 771 1884 Nonas
800 1825 1072 1896 Constantinopolim

4 1911 5 1914 ’
104 1917 249 1984 uenimus,
277 1919 305 1968 et
330 1913 370 1968 ad
393 1911 596 1970 contumeliam
622 1919 748 1970 cestram
774 1913 914 1983 suscepti,
941 1912 1073 1983 praviter

106 2001 289 2071 turpiterque
304 2011 403 2054 sumam
418 2001 540 2055 tractati
545 2022 554 2053 .·
577 1997 692 2054 Palatia
708 1998 821 2070 quidem
840 1999 912 2052 satis
926 2011 1029 2068 mapno
1044 1999 1072 2050 et

3 2083 4 2162 j
106 2090 222 2156 aperto,
244 2083 321 2156 quad
333 2097 389 2138 nea
400 2081 502 2156 fripus
517 2090 642 2154 arceret,
665 2084 741 2138 sieut
755 2097 809 2138 nec
829 2083 956 2136 calorem
971 2081 1070 2152 repet-

105 2171 195 2238 ieret,
217 2169 324 2224 inclusi
342 2181 450 2223 sumus.
474 2197 512 2206 -
541 2168 650 2224 Damus
669 2165 737 2238 ipsa
762 2169 832 2223 salis
852 2166 934 2222 nobis
953 2166 1072 2220 inclusis

3 2251 5 2316 ί
104 2256 219 2325 perata,
241 2271 260 2308 a
274 2251 390 2320 Palatio
406 2253 478 2309 aclea
500 2258 698 2325 sequestrata,
723 2256 755 2306 ut
770 2265 803 2306 ea
823 2250 905 2306 nobis
919 2265 978 2304 non
993 2251 1072 2320 equi-

3 2323 6 2402 }
106 2337 247 2407 tentibus,
271 2338 324 2394 secl
342 2335 556 2392 ambulantibus
577 2335 722 2392 anhelitus
743 2339 942 2390 truncaretur.
985 2330 1071 2387 lnira:

3 2423 4 2426 ’
108 2420 169 2477 Cur
183 2437 290 2496 quaeso
306 2437 364 2478 naa
379 2424 575 2494 aspectarent,
598 2419 702 2491 quibus
716 2423 782 2475 erut
796 2422 884 2490 potus
895 2432 953 2488 pra
969 2418 1072 2488 optimo
1145 2461 1151 2468 ,.

3 2515 5 2524 “
105 2509 173 2562 aino
188 2509 322 2581 salsupm
340 2523 397 2578 pra
413 2507 547 2575 caecitra,
570 2520 628 2560 non
640 2502 771 2576 foenum,
788 2519 845 2560 non
860 2507 998 2572 stramen,
1015 2515 1074 2558 non

3 2611 5 2668 }
108 2591 213 2647 saltem
235 2597 335 2662 terra,
361 2591 414 2646 sed
432 2589 537 2658 alarum
557 2606 700 2651 mannam·
723 2605 780 2660 pro
802 2587 949 2651 cervicali,
976 2587 1074 2656 lapis?

3 2689 4 2698 ¹
109 2677 213 2749 quibus
222 2679 330 2750 patula
344 2677 444 2732 domus
458 2692 516 2732 nan
527 2677 665 2744 calorem,
685 2689 743 2730 nom
759 2673 888 2743 imbrem,
903 2685 961 2726 mon
974 2668 1074 2742 fripus

3 2801 4 2808 1
110 2763 243 2818 arcebat.
287 2760 405 2834 lienique
425 2757 476 2815 sub
499 2757 579 2815 finem
601 2756 725 2814 versibus
747 2755 818 2812 haud
839 2755 984 2829 incomptis
1006 2753 1075 2810 lianc

106 2844 199 2901 aedem
221 2847 260 2904 sic
281 2843 424 2901 describit:

191 2931 341 2987 Marmore
356 2942 431 3004 puae
447 2931 530 2986 vario
545 2931 658 3002 mapnis
669 2930 754 3000 putet
769 2928 829 2984 alta
842 2925 984 2998 fenestris

191 3015 266 3072 baec
282 3016 426 3088 inaquosa
442 3014 555 3084 damus,
579 3014 716 3070 concluso
729 3015 832 3084 peruia
847 3012 916 3082 aeli,

188 3098 306 3172 [ripere
320 3099 500 3169 suscipiens,
522 3103 633 3154 aestum
648 3113 704 3152 nea
717 3111 807 3154 saeua
821 3089 976 3166 repellens.

3 3163 4 3166 Ἴ
109 3183 223 3240 iliade
246 3182 422 3240 ltocPalatio
450 3181 511 3238 ride
538 3182 566 3238 in
592 3188 687 3238 nostra
709 3177 947 3252 Constantinopoli
973 3175 1020 3234 lib.
1045 3174 1074 3230 2.

3 3327 5 3344 ζ
174 3267 245 3340 265,
271 3266 321 3325 12.
353 3251 485 3342 σεισμὸς]
508 3265 678 3322 Marcellinus
698 3263 793 3320 Comes
816 3261 938 3318 meminit
959 3260 1075 3316 duorum

110 3351 259 3428 insignium
280 3361 370 3411 terrae
397 3357 520 3408 motuum
544 3351 590 3424 qui
613 3347 756 3406 Anastasio
784 3347 932 3420 imperante
954 3343 1076 3400 accidere

111 3453 139 3510 p.
163 3435 204 3495 45
228 3445 256 3494 et
278 3436 329 3496 58.
352 3436 417 3492 eclit.
435 3435 514 3492 Sirm.
552 3433 627 3490 Adde
643 3431 757 3490 Cedren.
781 3447 824 3488 an.
841 3431 880 3487 12
897 3437 924 3484 et
938 3425 1076 3483 Victorem

111 3520 269 3579 'lununens
293 3521 326 3577 ad
348 3521 429 3579 Cous.
453 3519 547 3576 bbieni
568 3519 690 3576 iunioris.
