2550 3854
509 173 659 228 soron.
677 172 728 224 111.
1057 171 1097 238 81

130 325 204 374 rent.
239 314 271 379 Hi
293 315 435 371 commissa
452 313 502 369 sibi
525 313 611 369 tutela
626 320 655 368 et
669 313 901 370 administratione
921 330 1002 388 prave
1018 321 1097 372 uten-

135 409 187 474 tes,
210 399 279 456 alius
301 399 361 470 sibi,
384 398 454 454 alius
475 395 531 454 lilio
554 413 605 454 suo
627 396 756 456 affectans
779 397 871 472 regale
891 397 1043 473 fastigium,
1068 405 1099 456 ut

133 483 216 541 rebus
237 490 352 558 repente
373 481 489 540 turbatis
512 481 660 538 necessitas
682 479 846 556 reipublicae
869 481 958 538 scelus
981 482 1098 540 ambitus

135 576 253 644 tegeret,
275 577 370 642 gentes
392 565 520 624 barbaras
542 567 570 622 io
586 566 697 624 Romani
719 565 827 639 lmperii
848 565 967 622 ditiones
988 565 1035 622 ille
1050 568 1099 622 im·

135 654 219 724 misit,
241 652 384 708 hiciovit.
429 650 482 708 Has
505 653 577 708 inter
600 650 711 707 Vandali
732 659 760 706 et
781 648 857 706 Alani
879 650 964 725 pridie
987 648 1043 706 Hal.
1060 651 1100 706 la·

134 739 243 794 nuarias
270 753 340 794 anno
362 735 425 793 Chr.
447 733 509 793 406
533 737 647 792 traiecto
669 735 764 792 Rheno
793 733 890 791 Gallias
918 735 1099 806 intraverunt,

135 821 233 896 quihus
256 820 330 878 terro
353 820 513 895 flammaque
534 821 657 890 vastatis,
681 819 788 876 tandem
809 819 952 894 perhactis
971 819 1101 894 Pyrenaei

136 905 270 978 claustris,
293 921 364 980 quae
384 905 432 961 diu
454 903 582 979 Didymus
605 913 633 961 et
654 904 818 960 Veninianus
841 902 982 961 fortissimi
1004 903 1100 960 Roma-

136 1005 234 1047 norum
257 989 339 1047 duces
363 991 442 1046 tutati
464 999 551 1064 erant,
574 988 713 1064 Hispanias
736 987 764 1044 4.
781 986 838 1044 Kal.
862 1005 922 1060 seu,
945 995 976 1045 ut
991 988 1036 1045 alii
1056 1004 1101 1044 vo-

136 1074 209 1147 lunt,
231 1073 258 1132 3.
275 1073 313 1130 ld.
331 1073 442 1131 Octobr.
465 1076 621 1148 irrumpunt
643 1089 714 1130 anno
730 1072 791 1132 409
815 1089 876 1130 aera
891 1071 964 1130 447.
1001 1072 1102 1130 Exhinc

137 1157 286 1233 Hispanicis
313 1159 386 1215 inter
414 1175 443 1214 se
466 1157 557 1216 divisis
579 1159 741 1232 provinciis,
770 1155 901 1214 Gallaecia
924 1157 1047 1214 Vandahs
1075 1163 1102 1212 et

138 1241 247 1316 Saeuis,
275 1241 413 1300 Lusitania
440 1250 468 1300 et
490 1241 709 1317 carthaginensis
737 1243 875 1316 provincia
901 1241 992 1298 Alanis
1022 1241 1103 1299 obve-

139 1343 219 1382 nere:
249 1335 276 1383 at
298 1326 408 1384 Vandali
430 1329 592 1402 cognomine
615 1326 712 1402 Silingi
740 1326 835 1384 relicta
862 1325 993 1390 Gallaecia
1015 1327 1103 1384 Boeti-

138 1427 197 1468 cam
224 1413 388 1486 provinciam
412 1413 574 1468 sortiuntur.
620 1408 684 1478 Quis
716 1418 773 1466 tum
799 1411 877 1466 istius
906 1412 933 1466 in
956 1402 1053 1468 Gallias
1076 1418 1104 1466 et

139 1495 280 1570 Hispanias
302 1497 463 1571 irruptionis
486 1505 608 1570 tempore
631 1495 753 1551 Vandalis
776 1495 948 1568 imperaverit
975 1496 1017 1550 vir
1039 1511 1104 1550 con·

139 1587 203 1636 stat.
248 1579 382 1637 CROGUH
405 1579 525 1656 quidam,
548 1581 595 1654 qui
616 1585 658 1636 tot
678 1579 746 1634 mala
762 1577 862 1634 Galliae
885 1579 988 1652 intulit,
1012 1577 1043 1634 ab
1059 1579 1104 1634 Hi·

118 1662 248 1722 'storicis
277 1667 379 1739 nostris
401 1666 501 1738 passim
523 1665 672 1736 recensita,
701 1680 766 1736 seu,
792 1671 821 1718 ut
846 1662 879 1718 ab
902 1663 959 1720 aliis
981 1669 1103 1734 vocatur,

143 1749 288 1820 croscum,
311 1749 490 1806 Vandalorum
514 1764 607 1824 regem
631 1749 714 1804 luisse
737 1749 892 1823 opinantur.
930 1746 963 1804 llt
983 1764 1046 1803 sane
1069 1748 1106 1803 ita

139 1833 299 1890 inscribitur
326 1835 354 1890 in
381 1835 435 1890 vita
464 1832 491 1890 S.
515 1833 616 1890 hnttdit
639 1833 779 1890 Vesuntini
808 1830 949 1907 Episcopi,
979 1839 1007 1888 et
1034 1829 1106 1906 apud

143 1917 317 1994 sigebertum
346 1936 388 1974 an.
413 1917 485 1974 411.
531 1917 582 1974 dlii
610 1935 666 1975 non
688 1917 883 1988 Vandalorum,
912 1917 960 1973 sed
983 1917 1106 1972 Aleman·
1188 1989 1191 1993 ι

140 2019 238 2058 norum
259 2019 353 2077 regem
375 2004 496 2060 extitisse
518 2003 621 2060 volunt.
666 2001 695 2058 ld
717 2019 800 2076 porro
827 2011 934 2058 constat
956 2002 1072 2058 Crocum
1092 2017 1107 2058 a

141 2086 225 2144 llario
247 2086 373 2144 Praeside
396 2104 489 2144 versus
506 2088 691 2144 Arelatensem
716 2086 808 2143 urbem
830 2088 1020 2161 interceptum,
1043 2093 1107 2159 post

142 2173 214 2227 varia
241 2173 407 2228 cruciatuum
442 2180 576 2230 tormenta
613 2171 720 2228 tandem
748 2173 808 2227 neci
837 2171 939 2229 datum.
989 2171 1107 2226 Henetus

142 2253 299 2330 Frigeridus
321 2257 393 2331 apud
422 2257 585 2332 Gregorium
608 2255 795 2312 Turonensem
821 2254 916 2310 scribit
939 2253 1070 2310 Vandalos
1093 2271 1108 2310 a

145 2339 254 2398 Francis
277 2341 398 2398 devictos
421 2342 491 2408 acie,
522 2339 564 2397 20
585 2321 669 2396 ferme
691 2337 807 2394 millibus
830 2337 904 2394 lerro
926 2339 1108 2411 interemptis,
1126 2373 1129 2378 -

144 2425 318 2500 Godegisllo,
346 2441 411 2498 seu,
440 2427 480 2482 uti
502 2443 516 2481 a
539 2425 673 2498 Procopio
701 2431 728 2480 et
751 2423 918 2496 Theophane
947 2421 1107 2496 appellatur,

145 2509 319 2586 Godegisclo,
341 2528 391 2567 seu
405 2509 570 2585 Hodigisilo,
593 2515 624 2564 ut
647 2507 809 2565 aRoderico
829 2507 938 2565 Sanctio
961 2514 989 2562 et
1003 2505 1109 2563 Abbate

40 2649 42 2652 .
144 2593 259 2670 Usperg.
281 2610 347 2670 rege
370 2611 465 2652 eorum
488 2595 650 2670 absumpto,
674 2594 787 2662 cunctis,
811 2592 900 2666 inquit
921 2590 992 2649 idem
1015 2589 1109 2666 Frige-

146 2679 233 2752 ridus,
257 2679 435 2736 Vandalorum
458 2679 491 2736 ad
512 2680 728 2737 internecionem
750 2675 882 2747 delendis,
910 2677 938 2732 ni
960 2675 1110 2734 Alanorum

144 2765 185 2818 vis
206 2765 234 2820 in
257 2771 380 2839 tempore
402 2763 586 2821 subvenisset:
610 2780 689 2838 quam
706 2761 812 2838 quidem
828 2759 930 2818 cladem
950 2761 1022 2816 intra
1036 2762 1109 2834 ipsas

148 2847 245 2905 Gallias
268 2849 398 2906 accidisse
420 2849 491 2906 idem
513 2856 642 2920 testatur,
665 2847 833 2925 proindeque
853 2853 914 2904 ante
930 2845 1111 2925 Vandalorum

145 2936 175 2988 in
198 2933 337 3009 Hispanias
361 2933 521 3006 adventum,
544 2935 581 2990 ita
603 2941 634 2989 ut
656 2933 766 2989 dubium
789 2929 911 2986 videatur
938 2948 971 2988 an
994 2929 1111 3004 Godegi·

146 3017 214 3076 silus
237 3021 265 3076 in
287 3018 415 3093 Hispania
437 3019 602 3091 consederit,
627 3017 701 3092 quod
723 3017 818 3074 volunt
840 3014 989 3092 Procopius
1012 3023 1039 3071 et
1061 3013 1111 3070 Zo-

146 3120 235 3160 naras.
281 3104 446 3160 llemoratur
472 3112 612 3177 praeterea
640 3101 671 3158 ab
699 3101 785 3158 ldetio
813 3102 904 3174 gentis
932 3099 1113 3157 Vandalorum

146 3205 195 3244 rex
221 3189 289 3246 alter
316 3187 507 3260 Fredibaldus,
537 3203 617 3263 quem
645 3187 715 3244 circa
743 3201 843 3242 annum
865 3185 937 3246 417.
982 3185 1113 3242 Constan-

61 3284 64 3290 ’
148 3273 215 3346 tius,
236 3273 368 3331 Placidiae
383 3273 511 3344 maritus,
534 3273 593 3328 sine
608 3271 665 3328 ullo
681 3272 827 3327 certamine
846 3271 989 3344 ingeniose
1005 3275 1114 3342 captum

147 3357 180 3412 ad
203 3357 394 3458 Imperatorem
422 3357 571 3414 Honorium
601 3355 760 3414 destinavit.
790 3357 813 3410 is
842 3371 942 3430 porro,
969 3356 998 3410 ui
1022 3351 1104 3416 lallur

1066 3393 1124 3468 oh
1140 3441 1198 3560 ,4

149 3441 285 3517 Vandalis,
308 3444 404 3519 quiin
428 3443 519 3499 Galliis
541 3449 735 3514 remanserant,
758 3441 911 3514 imperavit
1019 3449 1072 3518 ,gv

184 3555 309 3594 nostrate
327 3557 368 3592 vr.
946 3536 962 3584 6
998 3528 1034 3618 ᾗ

1028 3717 1102 3816 ⁰¹11?
