<?xml version="1.0" encoding="UTF-8"?>
<!DOCTYPE html PUBLIC "-//W3C//DTD XHTML 1.0 Transitional//EN"
    "http://www.w3.org/TR/xhtml1/DTD/xhtml1-transitional.dtd">
<html xmlns="http://www.w3.org/1999/xhtml" xml:lang="en" lang="en">
 <head>
  <title>
</title>
<meta http-equiv="Content-Type" content="text/html;charset=utf-8" />
  <meta name='ocr-system' content='tesseract 3.04.00' />
  <meta name='ocr-capabilities' content='ocr_page ocr_carea ocr_par ocr_line ocrx_word'/>
</head>
<body>
  <div class='ocr_page' id='page_1' title='image "./iannoutouznapae00canggoog_0449.png"; bbox 0 0 2548 3850; ppageno 0'>
   <div class='ocr_carea' id='block_1_1' title="bbox 511 260 1105 327">
    <p class='ocr_par' dir='ltr' id='par_1_1' title="bbox 511 260 1105 327">
     <span class='ocr_line' id='line_1_1' title="bbox 511 260 1105 327; baseline 0.008 -17"><span class='ocrx_word' id='word_1_1' title='bbox 511 260 562 310; x_wconf 83' lang='lat' dir='ltr'><strong><em>nn</em></strong></span> <span class='ocrx_word' id='word_1_2' title='bbox 580 260 662 312; x_wconf 84' lang='lat' dir='ltr'><strong>von.</strong></span> <span class='ocrx_word' id='word_1_3' title='bbox 681 261 733 314; x_wconf 89' lang='lat'><strong><em>111.</em></strong></span> <span class='ocrx_word' id='word_1_4' title='bbox 1065 262 1105 327; x_wconf 77' lang='lat'><strong><em>67</em></strong></span> 
     </span>
    </p>
   </div>
   <div class='ocr_carea' id='block_1_2' title="bbox 132 387 1158 3623">
    <p class='ocr_par' dir='ltr' id='par_1_2' title="bbox 132 387 1158 3198">
     <span class='ocr_line' id='line_1_2' title="bbox 137 387 1109 477; baseline 0.006 -24"><span class='ocrx_word' id='word_1_5' title='bbox 137 395 193 473; x_wconf 74' lang='grc' dir='ltr'><strong><em>τῆς</em></strong></span> <span class='ocrx_word' id='word_1_6' title='bbox 213 387 326 466; x_wconf 80' lang='grc' dir='ltr'><strong><em>πόλεως</em></strong></span> <span class='ocrx_word' id='word_1_7' title='bbox 348 391 382 455; x_wconf 79' lang='grc' dir='ltr'><strong><em>έν</em></strong></span> <span class='ocrx_word' id='word_1_8' title='bbox 402 400 465 468; x_wconf 88' lang='grc' dir='ltr'><strong><em>τοῖς</em></strong></span> <span class='ocrx_word' id='word_1_9' title='bbox 489 403 545 456; x_wconf 70' lang='grc' dir='ltr'><strong><em>τοῦ</em></strong></span> <span class='ocrx_word' id='word_1_10' title='bbox 571 391 721 476; x_wconf 86' lang='grc' dir='ltr'><strong><em>μα’ρτυρος</em></strong></span> <span class='ocrx_word' id='word_1_11' title='bbox 744 389 911 474; x_wconf 86' lang='grc' dir='ltr'><strong><em>Μόμαντος</em></strong></span> <span class='ocrx_word' id='word_1_12' title='bbox 937 395 1109 477; x_wconf 76' lang='grc' dir='ltr'><strong><em>λεγομένοις</em></strong></span> 
     </span>
     <span class='ocr_line' id='line_1_3' title="bbox 159 482 308 552; baseline 0.007 -14"><span class='ocrx_word' id='word_1_13' title='bbox 159 482 256 540; x_wconf 81' lang='grc' dir='ltr'><strong><em>ασιλεί</em></strong></span> <span class='ocrx_word' id='word_1_14' title='bbox 255 500 308 552; x_wconf 88' lang='grc' dir='ltr'><strong><em>οις.</em></strong></span> 
     </span>
     <span class='ocr_line' id='line_1_4' title="bbox 138 481 1106 671; baseline 0.004 -47"><span class='ocrx_word' id='word_1_15' title='bbox 138 481 159 560; x_wconf 68' lang='grc' dir='ltr'><strong><em>β</em></strong></span> <span class='ocrx_word' id='word_1_16' title='bbox 203 567 275 642; x_wconf 84' lang='grc'>254,</span> <span class='ocrx_word' id='word_1_17' title='bbox 301 568 349 626; x_wconf 83' lang='lat'><strong><em>13.</em></strong></span> <span class='ocrx_word' id='word_1_18' title='bbox 379 557 524 626; x_wconf 83' lang='grc' dir='ltr'><strong><em>θεοτόκου</em></strong></span> <span class='ocrx_word' id='word_1_19' title='bbox 545 558 651 646; x_wconf 80' lang='grc' dir='ltr'><strong><em>ἐσθὴς]</em></strong></span> <span class='ocrx_word' id='word_1_20' title='bbox 675 567 828 627; x_wconf 73' lang='lat' dir='ltr'>chronicon</span> <span class='ocrx_word' id='word_1_21' title='bbox 850 587 899 626; x_wconf 87' lang='lat' dir='ltr'><strong><em>ms.</em></strong></span> <span class='ocrx_word' id='word_1_22' title='bbox 923 569 1034 671; x_wconf 82' lang='lat' dir='ltr'><strong>Georgii</strong></span> <span class='ocrx_word' id='word_1_23' title='bbox 1055 571 1106 628; x_wconf 89' lang='lat' dir='ltr'><strong><em>Ha·</em></strong></span> 
     </span>
     <span class='ocr_line' id='line_1_5' title="bbox 138 641 1107 750; baseline 0.001 -40"><span class='ocrx_word' id='word_1_24' title='bbox 138 653 276 710; x_wconf 88' lang='lat' dir='ltr'><strong>martnli</strong></span> <span class='ocrx_word' id='word_1_25' title='bbox 268 671 296 710; x_wconf 91' lang='lat' dir='ltr'><strong><em>rn</em></strong></span> <span class='ocrx_word' id='word_1_26' title='bbox 317 653 457 710; x_wconf 79' lang='lat' dir='ltr'><strong>Leonaii.</strong></span> <span class='ocrx_word' id='word_1_27' title='bbox 480 647 531 750; x_wconf 78' lang='grc' dir='ltr'><strong><em>κμί</em></strong></span> <span class='ocrx_word' id='word_1_28' title='bbox 553 656 606 731; x_wconf 78' lang='grc' dir='ltr'><strong><em>τῆς</em></strong></span> <span class='ocrx_word' id='word_1_29' title='bbox 623 641 807 710; x_wconf 84' lang='grc' dir='ltr'><strong><em>Θεοτόκον</em></strong></span> <span class='ocrx_word' id='word_1_30' title='bbox 793 672 813 726; x_wconf 92' lang='grc' dir='ltr'><strong><em>η</em></strong></span> <span class='ocrx_word' id='word_1_31' title='bbox 835 641 927 726; x_wconf 80' lang='grc' dir='ltr'><strong><em>ἐσθὴς</em></strong></span> <span class='ocrx_word' id='word_1_32' title='bbox 947 646 1107 729; x_wconf 78' lang='grc' dir='ltr'><em>εὑρεθεῖσα</em></span> 
     </span>
     <span class='ocr_line' id='line_1_6' title="bbox 139 725 1108 818; baseline 0.002 -24"><span class='ocrx_word' id='word_1_33' title='bbox 139 733 171 794; x_wconf 81' lang='grc' dir='ltr'><strong><em>ἐν</em></strong></span> <span class='ocrx_word' id='word_1_34' title='bbox 153 729 406 811; x_wconf 82' lang='grc' dir='ltr'><strong><em>νίερυσολόμοις</em></strong></span> <span class='ocrx_word' id='word_1_35' title='bbox 426 731 509 815; x_wconf 85' lang='grc' dir='ltr'><strong><em>παροὶ</em></strong></span> <span class='ocrx_word' id='word_1_36' title='bbox 529 756 588 795; x_wconf 89' lang='grc' dir='ltr'><strong><em>τινι</em></strong></span> <span class='ocrx_word' id='word_1_37' title='bbox 610 725 810 818; x_wconf 81' lang='grc' dir='ltr'><strong><em>εόίαβεστοίτη</em></strong></span> <span class='ocrx_word' id='word_1_38' title='bbox 829 732 952 816; x_wconf 82' lang='grc' dir='ltr'><strong><em>γυναικὶ</em></strong></span> <span class='ocrx_word' id='word_1_39' title='bbox 971 731 1108 816; x_wconf 78' lang='grc' dir='ltr'><strong><em>Εβραίέι</em></strong></span> 
     </span>
     <span class='ocr_line' id='line_1_7' title="bbox 138 795 1158 928; baseline 0.004 -48"><span class='ocrx_word' id='word_1_40' title='bbox 138 817 190 880; x_wconf 84' lang='grc' dir='ltr'><strong><em>καί</em></strong></span> <span class='ocrx_word' id='word_1_41' title='bbox 212 819 401 902; x_wconf 78' lang='grc' dir='ltr'><strong><em>παρθένῳ</em></strong></span> <span class='ocrx_word' id='word_1_42' title='bbox 386 820 473 897; x_wconf 78' lang='grc' dir='ltr'><strong><em>ιερῶς</em></strong></span> <span class='ocrx_word' id='word_1_43' title='bbox 495 817 699 900; x_wconf 80' lang='grc' dir='ltr'><strong><em>διεφυλόχθη,</em></strong></span> <span class='ocrx_word' id='word_1_44' title='bbox 728 819 779 880; x_wconf 83' lang='grc' dir='ltr'><strong><em>καὶ</em></strong></span> <span class='ocrx_word' id='word_1_45' title='bbox 794 795 836 899; x_wconf 79' lang='grc' dir='ltr'><strong><em>ἐν</em></strong></span> <span class='ocrx_word' id='word_1_46' title='bbox 856 823 1106 928; x_wconf 78' lang='grc' dir='ltr'><strong><em>Κωνστμντινου-</em></strong></span> <span class='ocrx_word' id='word_1_47' title='bbox 1124 831 1158 891; x_wconf 82' lang='lat'><strong><em>60</em></strong></span> 
     </span>
     <span class='ocr_line' id='line_1_8' title="bbox 138 891 1105 1010; baseline 0.002 -46"><span class='ocrx_word' id='word_1_48' title='bbox 138 899 223 966; x_wconf 81' lang='grc' dir='ltr'><strong><em>πόλει</em></strong></span> <span class='ocrx_word' id='word_1_49' title='bbox 245 904 475 1010; x_wconf 76' lang='grc' dir='ltr'><strong><em>διακομισθεῖσα</em></strong></span> <span class='ocrx_word' id='word_1_50' title='bbox 498 901 530 964; x_wconf 83' lang='grc' dir='ltr'><strong><em>έν</em></strong></span> <span class='ocrx_word' id='word_1_51' title='bbox 553 903 735 987; x_wconf 84' lang='grc' dir='ltr'><strong><em>Βίαχέρναις</em></strong></span> <span class='ocrx_word' id='word_1_52' title='bbox 757 891 899 984; x_wconf 79' lang='grc' dir='ltr'><strong><em>όπετέθη,</em></strong></span> <span class='ocrx_word' id='word_1_53' title='bbox 922 903 974 966; x_wconf 83' lang='grc' dir='ltr'><strong><em>καί</em></strong></span> <span class='ocrx_word' id='word_1_54' title='bbox 996 897 1032 966; x_wconf 75' lang='grc' dir='ltr'><strong><em>τό</em></strong></span> <span class='ocrx_word' id='word_1_55' title='bbox 1048 906 1105 966; x_wconf 86' lang='grc' dir='ltr'><strong><em>λεί-</em></strong></span> 
     </span>
     <span class='ocr_line' id='line_1_9' title="bbox 138 981 1106 1134; baseline 0.004 -86"><span class='ocrx_word' id='word_1_56' title='bbox 138 1003 224 1067; x_wconf 76' lang='grc' dir='ltr'><strong><em>ψανα</em></strong></span> <span class='ocrx_word' id='word_1_57' title='bbox 245 991 299 1066; x_wconf 82' lang='grc' dir='ltr'><strong><em>τῆς</em></strong></span> <span class='ocrx_word' id='word_1_58' title='bbox 319 983 417 1134; x_wconf 59' lang='grc' dir='ltr'><strong><em>ἇγίαςὲ</em></strong></span> <span class='ocrx_word' id='word_1_59' title='bbox 431 981 639 1066; x_wconf 76' lang='grc' dir='ltr'><strong><em>Ἀναστασίας,</em></strong></span> <span class='ocrx_word' id='word_1_60' title='bbox 668 985 719 1051; x_wconf 86' lang='grc' dir='ltr'><strong><em>καί</em></strong></span> <span class='ocrx_word' id='word_1_61' title='bbox 741 988 889 1069; x_wconf 76' lang='grc' dir='ltr'><strong><em>κατετέθη</em></strong></span> <span class='ocrx_word' id='word_1_62' title='bbox 914 987 947 1050; x_wconf 84' lang='grc' dir='ltr'><strong><em>έν</em></strong></span> <span class='ocrx_word' id='word_1_63' title='bbox 969 1014 1010 1076; x_wconf 70' lang='lat' dir='ltr'><strong><em>vap</em></strong></span> <span class='ocrx_word' id='word_1_64' title='bbox 1033 1014 1106 1071; x_wconf 85' lang='grc' dir='ltr'><strong><em>μαρ·</em></strong></span> 
     </span>
     <span class='ocr_line' id='line_1_10' title="bbox 138 1051 1107 1176; baseline 0.004 -43"><span class='ocrx_word' id='word_1_65' title='bbox 138 1074 240 1174; x_wconf 82' lang='grc' dir='ltr'><strong><em>τνρίμ</em></strong></span> <span class='ocrx_word' id='word_1_66' title='bbox 258 1068 368 1152; x_wconf 77' lang='grc' dir='ltr'><strong><em>αὐτῆς,</em></strong></span> <span class='ocrx_word' id='word_1_67' title='bbox 403 1070 522 1134; x_wconf 56' lang='grc' dir='ltr'><strong><em>ἔνθα*</em></strong></span> <span class='ocrx_word' id='word_1_68' title='bbox 507 1097 523 1137; x_wconf 94' lang='grc' dir='ltr'><strong><em>ο</em></strong></span> <span class='ocrx_word' id='word_1_69' title='bbox 551 1070 691 1155; x_wconf 76' lang='grc' dir='ltr'><strong><em>βασιλεὺς</em></strong></span> <span class='ocrx_word' id='word_1_70' title='bbox 719 1074 796 1138; x_wconf 83' lang='grc' dir='ltr'><strong><em>ναόν</em></strong></span> <span class='ocrx_word' id='word_1_71' title='bbox 828 1051 1027 1176; x_wconf 73' lang='grc' dir='ltr'><strong><em>οἰκοδομήσας</em></strong></span> <span class='ocrx_word' id='word_1_72' title='bbox 1054 1079 1107 1154; x_wconf 81' lang='grc' dir='ltr'><strong><em>τῆς</em></strong></span> 
     </span>
     <span class='ocr_line' id='line_1_11' title="bbox 139 1151 1107 1267; baseline 0.003 -48"><span class='ocrx_word' id='word_1_73' title='bbox 139 1155 336 1239; x_wconf 82' lang='grc' dir='ltr'><strong><em>Θεομήτορος,</em></strong></span> <span class='ocrx_word' id='word_1_74' title='bbox 360 1158 411 1220; x_wconf 85' lang='grc' dir='ltr'><strong><em>καί</em></strong></span> <span class='ocrx_word' id='word_1_75' title='bbox 425 1151 515 1258; x_wconf 84' lang='grc' dir='ltr'><strong><em>σορόν</em></strong></span> <span class='ocrx_word' id='word_1_76' title='bbox 529 1157 563 1220; x_wconf 77' lang='grc' dir='ltr'><strong><em>ἐκ</em></strong></span> <span class='ocrx_word' id='word_1_77' title='bbox 556 1163 690 1264; x_wconf 79' lang='grc' dir='ltr'><strong><em>χρυσοῦ</em></strong></span> <span class='ocrx_word' id='word_1_78' title='bbox 710 1153 794 1223; x_wconf 90' lang='grc' dir='ltr'><strong><em>καί</em></strong></span> <span class='ocrx_word' id='word_1_79' title='bbox 777 1154 914 1267; x_wconf 79' lang='grc' dir='ltr'><strong><em>αρχόρον</em></strong></span> <span class='ocrx_word' id='word_1_80' title='bbox 927 1158 1107 1223; x_wconf 84' lang='grc' dir='ltr'><strong><em>κατασκευαί-</em></strong></span> 
     </span>
     <span class='ocr_line' id='line_1_12' title="bbox 137 1238 1105 1353; baseline 0.004 -49"><span class='ocrx_word' id='word_1_81' title='bbox 137 1261 207 1324; x_wconf 89' lang='grc' dir='ltr'><strong><em>σας,</em></strong></span> <span class='ocrx_word' id='word_1_82' title='bbox 229 1243 372 1306; x_wconf 83' lang='grc' dir='ltr'><strong><em>κατέθετο</em></strong></span> <span class='ocrx_word' id='word_1_83' title='bbox 393 1238 518 1322; x_wconf 78' lang='grc' dir='ltr'><strong><em>ταύτην·</em></strong></span> <span class='ocrx_word' id='word_1_84' title='bbox 531 1241 615 1348; x_wconf 82' lang='grc' dir='ltr'><strong><em>ἥτις</em></strong></span> <span class='ocrx_word' id='word_1_85' title='bbox 637 1243 666 1322; x_wconf 74' lang='grc' dir='ltr'><strong><em>ἐξ</em></strong></span> <span class='ocrx_word' id='word_1_86' title='bbox 688 1243 776 1348; x_wconf 82' lang='grc' dir='ltr'><strong><em>ἐρίων</em></strong></span> <span class='ocrx_word' id='word_1_87' title='bbox 800 1241 973 1353; x_wconf 78' lang='grc' dir='ltr'><strong><em>νίφθοίρτοιν</em></strong></span> <span class='ocrx_word' id='word_1_88' title='bbox 997 1245 1105 1326; x_wconf 79' lang='grc' dir='ltr'><strong><em>ἐξυφα-</em></strong></span> 
     </span>
     <span class='ocr_line' id='line_1_13' title="bbox 137 1321 1107 1432; baseline 0.002 -42"><span class='ocrx_word' id='word_1_89' title='bbox 137 1326 245 1408; x_wconf 83' lang='grc' dir='ltr'><strong><em>σμένη,</em></strong></span> <span class='ocrx_word' id='word_1_90' title='bbox 268 1328 323 1391; x_wconf 85' lang='grc' dir='ltr'><strong><em>καί</em></strong></span> <span class='ocrx_word' id='word_1_91' title='bbox 346 1324 363 1391; x_wconf 90' lang='lat'><strong><em>6</em></strong></span> <span class='ocrx_word' id='word_1_92' title='bbox 386 1325 504 1408; x_wconf 77' lang='grc' dir='ltr'>στήμων</span> <span class='ocrx_word' id='word_1_93' title='bbox 526 1321 664 1411; x_wconf 77' lang='grc' dir='ltr'><strong><em>ὁμοειδὴς</em></strong></span> <span class='ocrx_word' id='word_1_94' title='bbox 685 1329 737 1392; x_wconf 82' lang='grc' dir='ltr'><strong><em>καί</em></strong></span> <span class='ocrx_word' id='word_1_95' title='bbox 752 1325 898 1414; x_wconf 84' lang='grc' dir='ltr'><strong><em>ὁμόχρους</em></strong></span> <span class='ocrx_word' id='word_1_96' title='bbox 912 1328 1107 1432; x_wconf 79' lang='grc' dir='ltr'><strong><em>ἆίιοίφθορός</em></strong></span> 
     </span>
     <span class='ocr_line' id='line_1_14' title="bbox 138 1405 1108 1497; baseline 0.002 -23"><span class='ocrx_word' id='word_1_97' title='bbox 138 1412 198 1474; x_wconf 77' lang='grc' dir='ltr'><strong><em>ἔστι</em></strong></span> <span class='ocrx_word' id='word_1_98' title='bbox 220 1412 272 1474; x_wconf 88' lang='grc' dir='ltr'><strong><em>καί</em></strong></span> <span class='ocrx_word' id='word_1_99' title='bbox 292 1405 466 1492; x_wconf 78' lang='grc' dir='ltr'><strong><em>τἰόιοίίυτος,</em></strong></span> <span class='ocrx_word' id='word_1_100' title='bbox 489 1413 574 1494; x_wconf 84' lang='grc' dir='ltr'><strong><em>μέχρι</em></strong></span> <span class='ocrx_word' id='word_1_101' title='bbox 588 1423 646 1478; x_wconf 79' lang='grc' dir='ltr'><strong><em>νῦν</em></strong></span> <span class='ocrx_word' id='word_1_102' title='bbox 668 1407 700 1476; x_wconf 84' lang='grc' dir='ltr'><strong><em>τό</em></strong></span> <span class='ocrx_word' id='word_1_103' title='bbox 720 1422 831 1496; x_wconf 73' lang='grc' dir='ltr'><strong><em>θαῦμα</em></strong></span> <span class='ocrx_word' id='word_1_104' title='bbox 852 1419 905 1494; x_wconf 83' lang='grc' dir='ltr'><strong><em>τῆς</em></strong></span> <span class='ocrx_word' id='word_1_105' title='bbox 922 1413 1108 1497; x_wconf 78' lang='grc' dir='ltr'><strong><em>Θεομητορος</em></strong></span> 
     </span>
     <span class='ocr_line' id='line_1_15' title="bbox 138 1498 1107 1578; baseline 0.003 -19"><span class='ocrx_word' id='word_1_106' title='bbox 138 1498 337 1578; x_wconf 85' lang='grc' dir='ltr'><strong><em>κηρόττονσα.</em></strong></span> <span class='ocrx_word' id='word_1_107' title='bbox 381 1502 464 1561; x_wconf 83' lang='lat' dir='ltr'><strong>Multa</strong></span> <span class='ocrx_word' id='word_1_108' title='bbox 486 1505 566 1562; x_wconf 90' lang='lat' dir='ltr'><strong>alia&#39;</strong></span> <span class='ocrx_word' id='word_1_109' title='bbox 558 1522 586 1560; x_wconf 88' lang='lat' dir='ltr'><strong><em>rn</em></strong></span> <span class='ocrx_word' id='word_1_110' title='bbox 609 1507 677 1563; x_wconf 84' lang='lat' dir='ltr'><strong>hanc</strong></span> <span class='ocrx_word' id='word_1_111' title='bbox 699 1523 757 1563; x_wconf 89' lang='lat' dir='ltr'><strong><em>rem</em></strong></span> <span class='ocrx_word' id='word_1_112' title='bbox 778 1510 968 1563; x_wconf 79' lang='lat' dir='ltr'><strong>annotamus</strong></span> <span class='ocrx_word' id='word_1_113' title='bbox 960 1525 988 1564; x_wconf 89' lang='lat' dir='ltr'><strong><em>rn</em></strong></span> <span class='ocrx_word' id='word_1_114' title='bbox 1010 1515 1107 1564; x_wconf 88' lang='lat' dir='ltr'><strong>nostra</strong></span> 
     </span>
     <span class='ocr_line' id='line_1_16' title="bbox 138 1587 1106 1664; baseline 0.002 -20"><span class='ocrx_word' id='word_1_115' title='bbox 138 1588 375 1664; x_wconf 82' lang='lat' dir='ltr'><strong>Constantinopoli</strong></span> <span class='ocrx_word' id='word_1_116' title='bbox 399 1587 548 1646; x_wconf 83' lang='lat' dir='ltr'><strong>Christiana</strong></span> <span class='ocrx_word' id='word_1_117' title='bbox 571 1590 618 1647; x_wconf 88' lang='lat' dir='ltr'><strong>lib.</strong></span> <span class='ocrx_word' id='word_1_118' title='bbox 642 1590 672 1648; x_wconf 88' lang='lat'><strong><em>4.</em></strong></span> <span class='ocrx_word' id='word_1_119' title='bbox 694 1599 760 1648; x_wconf 81' lang='lat' dir='ltr'><strong>sect.</strong></span> <span class='ocrx_word' id='word_1_120' title='bbox 786 1589 814 1652; x_wconf 87' lang='grc'><strong><em>2.</em></strong></span> <span class='ocrx_word' id='word_1_121' title='bbox 838 1609 865 1647; x_wconf 93' lang='lat' dir='ltr'><strong><em>n.</em></strong></span> <span class='ocrx_word' id='word_1_122' title='bbox 890 1591 908 1648; x_wconf 87' lang='grc'><strong>6</strong></span> <span class='ocrx_word' id='word_1_123' title='bbox 932 1600 960 1648; x_wconf 80' lang='lat' dir='ltr'><strong><em>et</em></strong></span> <span class='ocrx_word' id='word_1_124' title='bbox 982 1593 1010 1648; x_wconf 92' lang='lat' dir='ltr'><strong><em>in</em></strong></span> <span class='ocrx_word' id='word_1_125' title='bbox 1032 1591 1106 1646; x_wconf 82' lang='lat' dir='ltr'><strong>notis</strong></span> 
     </span>
     <span class='ocr_line' id='line_1_17' title="bbox 138 1673 1106 1750; baseline 0 -20"><span class='ocrx_word' id='word_1_126' title='bbox 138 1673 171 1730; x_wconf 86' lang='lat' dir='ltr'><strong><em>ad</em></strong></span> <span class='ocrx_word' id='word_1_127' title='bbox 194 1673 347 1731; x_wconf 79' lang='lat' dir='ltr'><strong>Alexiadem</strong></span> <span class='ocrx_word' id='word_1_128' title='bbox 369 1674 521 1747; x_wconf 87' lang='lat' dir='ltr'><strong>Annaearn,</strong></span> <span class='ocrx_word' id='word_1_129' title='bbox 545 1675 590 1730; x_wconf 87' lang='lat' dir='ltr'><strong><em>nbi</em></strong></span> <span class='ocrx_word' id='word_1_130' title='bbox 612 1677 728 1732; x_wconf 82' lang='lat' dir='ltr'><strong>vestium</strong></span> <span class='ocrx_word' id='word_1_131' title='bbox 750 1675 878 1750; x_wconf 85' lang='lat' dir='ltr'><strong>Deiparae</strong></span> <span class='ocrx_word' id='word_1_132' title='bbox 900 1675 1041 1732; x_wconf 80' lang='lat' dir='ltr'>historiam</span> <span class='ocrx_word' id='word_1_133' title='bbox 1064 1673 1106 1730; x_wconf 87' lang='lat' dir='ltr'><strong><em>sn·</em></strong></span> 
     </span>
     <span class='ocr_line' id='line_1_18' title="bbox 132 1757 1155 1834; baseline 0.001 -20"><span class='ocrx_word' id='word_1_134' title='bbox 132 1759 195 1814; x_wconf 81' lang='lat' dir='ltr'><strong>sius</strong></span> <span class='ocrx_word' id='word_1_135' title='bbox 223 1757 416 1816; x_wconf 85' lang='lat' dir='ltr'><strong>describimus:</strong></span> <span class='ocrx_word' id='word_1_136' title='bbox 447 1757 545 1832; x_wconf 89' lang='lat' dir='ltr'><strong>quibus</strong></span> <span class='ocrx_word' id='word_1_137' title='bbox 576 1761 706 1817; x_wconf 79' lang='lat' dir='ltr'><strong>duntaxat</strong></span> <span class='ocrx_word' id='word_1_138' title='bbox 733 1759 831 1816; x_wconf 84' lang='lat' dir='ltr'><strong>addere</strong></span> <span class='ocrx_word' id='word_1_139' title='bbox 853 1760 943 1834; x_wconf 84' lang='lat' dir='ltr'><strong>placet</strong></span> <span class='ocrx_word' id='word_1_140' title='bbox 971 1776 1038 1834; x_wconf 87' lang='lat' dir='ltr'><strong>quae</strong></span> <span class='ocrx_word' id='word_1_141' title='bbox 1060 1759 1107 1815; x_wconf 85' lang='lat' dir='ltr'><strong><em>ha·</em></strong></span> <span class='ocrx_word' id='word_1_142' title='bbox 1153 1761 1155 1765; x_wconf 69' lang='lat'>‘</span> 
     </span>
     <span class='ocr_line' id='line_1_19' title="bbox 138 1838 1108 1942; baseline 0.001 -42"><span class='ocrx_word' id='word_1_143' title='bbox 138 1842 268 1900; x_wconf 85' lang='lat' dir='ltr'><strong>bentnr</strong></span> <span class='ocrx_word' id='word_1_144' title='bbox 261 1861 289 1899; x_wconf 89' lang='lat' dir='ltr'><strong><em>rn</em></strong></span> <span class='ocrx_word' id='word_1_145' title='bbox 312 1843 372 1900; x_wconf 86' lang='lat' dir='ltr'><strong>cod.</strong></span> <span class='ocrx_word' id='word_1_146' title='bbox 396 1859 456 1918; x_wconf 83' lang='lat' dir='ltr'><strong>reg.</strong></span> <span class='ocrx_word' id='word_1_147' title='bbox 474 1844 565 1901; x_wconf 84' lang='grc'>2754.</span> <span class='ocrx_word' id='word_1_148' title='bbox 589 1845 637 1902; x_wconf 83' lang='lat' dir='ltr'><strong><em>sol.</em></strong></span> <span class='ocrx_word' id='word_1_149' title='bbox 653 1845 723 1902; x_wconf 83' lang='grc'>223.</span> <span class='ocrx_word' id='word_1_150' title='bbox 747 1838 815 1918; x_wconf 86' lang='grc' dir='ltr'><strong><em>περί</em></strong></span> <span class='ocrx_word' id='word_1_151' title='bbox 837 1842 890 1916; x_wconf 79' lang='grc' dir='ltr'><strong><em>τῆς</em></strong></span> <span class='ocrx_word' id='word_1_152' title='bbox 902 1841 1041 1942; x_wconf 89' lang='grc' dir='ltr'><strong><em>ιστοριας</em></strong></span> <span class='ocrx_word' id='word_1_153' title='bbox 1056 1861 1108 1915; x_wconf 86' lang='grc' dir='ltr'><strong><em>της</em></strong></span> 
     </span>
     <span class='ocr_line' id='line_1_20' title="bbox 136 1917 1107 2026; baseline -0.001 -42"><span class='ocrx_word' id='word_1_154' title='bbox 136 1919 312 2026; x_wconf 77' lang='grc' dir='ltr'><strong><em>όπεραχίας</em></strong></span> <span class='ocrx_word' id='word_1_155' title='bbox 324 1919 514 2001; x_wconf 78' lang='grc' dir='ltr'><strong><em>δεσποίνης</em></strong></span> <span class='ocrx_word' id='word_1_156' title='bbox 496 1926 584 2002; x_wconf 75' lang='grc' dir='ltr'><strong><em>ημῶν</em></strong></span> <span class='ocrx_word' id='word_1_157' title='bbox 600 1922 761 1987; x_wconf 86' lang='grc' dir='ltr'><strong><em>Θευτόκου·</em></strong></span> <span class='ocrx_word' id='word_1_158' title='bbox 780 1917 918 1986; x_wconf 83' lang='grc' dir='ltr'><strong><em>Ἰστέον’</em></strong></span> <span class='ocrx_word' id='word_1_159' title='bbox 903 1948 948 1986; x_wconf 92' lang='grc' dir='ltr'><strong><em>οτι</em></strong></span> <span class='ocrx_word' id='word_1_160' title='bbox 963 1923 1039 1988; x_wconf 79' lang='grc' dir='ltr'><strong><em>κατὰ</em></strong></span> <span class='ocrx_word' id='word_1_161' title='bbox 1054 1919 1107 1987; x_wconf 82' lang='grc' dir='ltr'><strong><em>τόν</em></strong></span> 
     </span>
     <span class='ocr_line' id='line_1_21' title="bbox 138 2001 1107 2118; baseline 0.002 -51"><span class='ocrx_word' id='word_1_162' title='bbox 138 2001 287 2107; x_wconf 85' lang='grc' dir='ltr'><strong><em>ίστορικὸν</em></strong></span> <span class='ocrx_word' id='word_1_163' title='bbox 304 2002 551 2118; x_wconf 80' lang='grc' dir='ltr'><strong><em>Ἀφροδισιανόν,</em></strong></span> <span class='ocrx_word' id='word_1_164' title='bbox 582 2015 634 2088; x_wconf 81' lang='grc' dir='ltr'><strong><em>τῆς</em></strong></span> <span class='ocrx_word' id='word_1_165' title='bbox 655 2003 820 2091; x_wconf 73' lang='grc' dir='ltr'><strong><em>ὑπεραχίας</em></strong></span> <span class='ocrx_word' id='word_1_166' title='bbox 834 2005 1039 2088; x_wconf 18' lang='grc' dir='ltr'><strong><em>ψὸεσττοίνης</em></strong></span> <span class='ocrx_word' id='word_1_167' title='bbox 1017 2015 1107 2112; x_wconf 80' lang='grc' dir='ltr'><strong><em>ημῶν</em></strong></span> 
     </span>
     <span class='ocr_line' id='line_1_22' title="bbox 139 2085 1105 2200; baseline 0.004 -48"><span class='ocrx_word' id='word_1_168' title='bbox 139 2085 286 2154; x_wconf 80' lang='grc' dir='ltr'><strong><em>Θεοτόκου</em></strong></span> <span class='ocrx_word' id='word_1_169' title='bbox 313 2091 346 2154; x_wconf 85' lang='grc' dir='ltr'><strong><em>τὸ</em></strong></span> <span class='ocrx_word' id='word_1_170' title='bbox 374 2086 503 2172; x_wconf 63' lang='grc' dir='ltr'><strong><em>ἦθοςτ</em></strong></span> <span class='ocrx_word' id='word_1_171' title='bbox 469 2119 523 2197; x_wconf 94' lang='grc' dir='ltr'><strong><em>ην</em></strong></span> <span class='ocrx_word' id='word_1_172' title='bbox 544 2095 670 2174; x_wconf 84' lang='grc' dir='ltr'><strong><em>σεμνόν,</em></strong></span> <span class='ocrx_word' id='word_1_173' title='bbox 698 2092 887 2200; x_wconf 80' lang='grc' dir='ltr'><strong><em>όίιηόίαίος,</em></strong></span> <span class='ocrx_word' id='word_1_174' title='bbox 909 2091 1105 2175; x_wconf 82' lang='grc' dir='ltr'><strong><em>ταχνπήκοος,</em></strong></span> 
     </span>
     <span class='ocr_line' id='line_1_23' title="bbox 138 2173 1105 2282; baseline 0.002 -44"><span class='ocrx_word' id='word_1_175' title='bbox 138 2175 434 2277; x_wconf 80' lang='grc' dir='ltr'><strong><em>σεμνοπεριπάτητος,</em></strong></span> <span class='ocrx_word' id='word_1_176' title='bbox 457 2173 697 2280; x_wconf 69' lang='grc' dir='ltr'><strong><em>ἀπαρρησίαστος</em></strong></span> <span class='ocrx_word' id='word_1_177' title='bbox 706 2179 794 2278; x_wconf 81' lang='grc' dir='ltr'><strong><em>πρὸς</em></strong></span> <span class='ocrx_word' id='word_1_178' title='bbox 816 2177 915 2281; x_wconf 78' lang='grc' dir='ltr'><strong><em>πάντα</em></strong></span> <span class='ocrx_word' id='word_1_179' title='bbox 930 2177 1105 2282; x_wconf 73' lang='grc' dir='ltr'><strong><em>ἄνθρωπον,</em></strong></span> 
     </span>
     <span class='ocr_line' id='line_1_24' title="bbox 137 2253 1105 2372; baseline 0.002 -48"><span class='ocrx_word' id='word_1_180' title='bbox 137 2260 307 2344; x_wconf 73' lang='grc' dir='ltr'><strong><em>ἀγέλαστος,</em></strong></span> <span class='ocrx_word' id='word_1_181' title='bbox 329 2253 484 2344; x_wconf 85' lang='grc' dir='ltr'><strong><em>νἰτόραχος,</em></strong></span> <span class='ocrx_word' id='word_1_182' title='bbox 507 2255 659 2344; x_wconf 84' lang='grc' dir='ltr'><strong><em>νἰόρχατος,</em></strong></span> <span class='ocrx_word' id='word_1_183' title='bbox 683 2255 934 2368; x_wconf 82' lang='grc' dir='ltr'><strong><em>εόπροσκόνητος,</em></strong></span> <span class='ocrx_word' id='word_1_184' title='bbox 954 2288 1105 2372; x_wconf 77' lang='grc' dir='ltr'><strong><em>τιμμτικη,</em></strong></span> 
     </span>
     <span class='ocr_line' id='line_1_25' title="bbox 137 2343 1106 2428; baseline 0 -18"><span class='ocrx_word' id='word_1_185' title='bbox 137 2349 251 2426; x_wconf 81' lang='grc' dir='ltr'><strong><em>τιμοόσα</em></strong></span> <span class='ocrx_word' id='word_1_186' title='bbox 265 2345 316 2408; x_wconf 81' lang='grc' dir='ltr'><strong><em>καί</em></strong></span> <span class='ocrx_word' id='word_1_187' title='bbox 332 2359 543 2428; x_wconf 75' lang='grc' dir='ltr'><strong><em>προσκυνοῦσα</em></strong></span> <span class='ocrx_word' id='word_1_188' title='bbox 563 2346 661 2410; x_wconf 83' lang='grc' dir='ltr'><strong><em>πάντα</em></strong></span> <span class='ocrx_word' id='word_1_189' title='bbox 676 2344 851 2427; x_wconf 74' lang='grc' dir='ltr'><strong><em>ἄνθρωπον,</em></strong></span> <span class='ocrx_word' id='word_1_190' title='bbox 875 2343 1014 2410; x_wconf 73' lang='grc' dir='ltr'><strong><em>ὥστεκαὶ</em></strong></span> <span class='ocrx_word' id='word_1_191' title='bbox 1030 2357 1106 2410; x_wconf 79' lang='grc' dir='ltr'><strong><em>θαν·</em></strong></span> 
     </span>
     <span class='ocr_line' id='line_1_26' title="bbox 138 2426 1107 2542; baseline 0.001 -46"><span class='ocrx_word' id='word_1_192' title='bbox 138 2431 285 2532; x_wconf 74' lang='grc' dir='ltr'><strong><em>μαίεσθαι</em></strong></span> <span class='ocrx_word' id='word_1_193' title='bbox 311 2431 409 2496; x_wconf 80' lang='grc' dir='ltr'><strong><em>πάντα</em></strong></span> <span class='ocrx_word' id='word_1_194' title='bbox 436 2431 604 2542; x_wconf 77' lang='grc' dir='ltr'><strong><em>όίνθροοιιομ</em></strong></span> <span class='ocrx_word' id='word_1_195' title='bbox 631 2457 685 2513; x_wconf 92' lang='grc' dir='ltr'><strong><em>την</em></strong></span> <span class='ocrx_word' id='word_1_196' title='bbox 713 2432 834 2496; x_wconf 85' lang='grc' dir='ltr'><strong><em>σόνεσιν</em></strong></span> <span class='ocrx_word' id='word_1_197' title='bbox 862 2426 954 2536; x_wconf 82' lang='grc' dir='ltr'><strong><em>αότης</em></strong></span> <span class='ocrx_word' id='word_1_198' title='bbox 977 2433 1032 2537; x_wconf 71' lang='grc' dir='ltr'><strong><em>μιαί</em></strong></span> <span class='ocrx_word' id='word_1_199' title='bbox 1055 2430 1107 2497; x_wconf 84' lang='grc' dir='ltr'><strong><em>τὸν</em></strong></span> 
     </span>
     <span class='ocr_line' id='line_1_27' title="bbox 137 2511 1106 2624; baseline 0.001 -43"><span class='ocrx_word' id='word_1_200' title='bbox 137 2512 241 2600; x_wconf 79' lang='grc' dir='ltr'><strong><em>λόχον·</em></strong></span> <span class='ocrx_word' id='word_1_201' title='bbox 271 2541 308 2602; x_wconf 86' lang='grc' dir='ltr'><strong><em>τη</em></strong></span> <span class='ocrx_word' id='word_1_202' title='bbox 329 2519 431 2624; x_wconf 77' lang='grc' dir='ltr'><strong><em>ἡλικίη</em></strong></span> <span class='ocrx_word' id='word_1_203' title='bbox 458 2519 546 2606; x_wconf 82' lang='grc' dir='ltr'><strong><em>μέση·</em></strong></span> <span class='ocrx_word' id='word_1_204' title='bbox 575 2513 659 2581; x_wconf 78' lang='grc' dir='ltr'><strong><em>όῖίίοι</em></strong></span> <span class='ocrx_word' id='word_1_205' title='bbox 686 2516 718 2582; x_wconf 79' lang='grc' dir='ltr'><strong><em>δὲ</em></strong></span> <span class='ocrx_word' id='word_1_206' title='bbox 739 2520 883 2602; x_wconf 86' lang='grc' dir='ltr'><strong><em>τρίπηχυν</em></strong></span> <span class='ocrx_word' id='word_1_207' title='bbox 911 2511 1007 2619; x_wconf 76' lang='grc' dir='ltr'><strong><em>αὐτὴν</em></strong></span> <span class='ocrx_word' id='word_1_208' title='bbox 1028 2513 1106 2584; x_wconf 81' lang='grc' dir='ltr'><strong><em>εἶναι</em></strong></span> 
     </span>
     <span class='ocr_line' id='line_1_28' title="bbox 138 2583 1126 2707; baseline 0.002 -43"><span class='ocrx_word' id='word_1_209' title='bbox 138 2603 266 2703; x_wconf 75' lang='grc' dir='ltr'><strong><em>λέγουσι,</em></strong></span> <span class='ocrx_word' id='word_1_210' title='bbox 290 2602 450 2707; x_wconf 83' lang='grc' dir='ltr'><strong><em>σιτόχροος,</em></strong></span> <span class='ocrx_word' id='word_1_211' title='bbox 467 2583 646 2686; x_wconf 79' lang='grc' dir='ltr'><strong><em>ξανθόθριξ,</em></strong></span> <span class='ocrx_word' id='word_1_212' title='bbox 668 2604 887 2706; x_wconf 80' lang='grc' dir='ltr'><strong><em>ξανθόμματος,</em></strong></span> <span class='ocrx_word' id='word_1_213' title='bbox 902 2594 1106 2684; x_wconf 73' lang='grc' dir='ltr'><strong><em>εόόῳθαίμος,</em></strong></span> <span class='ocrx_word' id='word_1_214' title='bbox 1121 2670 1126 2676; x_wconf 69' lang='grc'>,</span> 
     </span>
     <span class='ocr_line' id='line_1_29' title="bbox 138 2683 1106 2795; baseline 0.005 -48"><span class='ocrx_word' id='word_1_215' title='bbox 138 2683 328 2790; x_wconf 78' lang='grc' dir='ltr'><strong><em>μανρόφρνς,</em></strong></span> <span class='ocrx_word' id='word_1_216' title='bbox 351 2685 503 2772; x_wconf 85' lang='grc' dir='ltr'><strong><em>μεσόρριν,</em></strong></span> <span class='ocrx_word' id='word_1_217' title='bbox 525 2689 701 2795; x_wconf 88' lang='grc' dir='ltr'><strong><em>μακρόχειρ,</em></strong></span> <span class='ocrx_word' id='word_1_218' title='bbox 719 2685 971 2771; x_wconf 79' lang='grc' dir='ltr'><strong><em>μακροὸόκτυίος,</em></strong></span> <span class='ocrx_word' id='word_1_219' title='bbox 995 2689 1106 2771; x_wconf 90' lang='grc' dir='ltr'><strong><em>μακρό-</em></strong></span> 
     </span>
     <span class='ocr_line' id='line_1_30' title="bbox 139 2767 1107 2884; baseline 0.004 -50"><span class='ocrx_word' id='word_1_220' title='bbox 139 2793 249 2874; x_wconf 81' lang='grc' dir='ltr'><strong><em>νυχος,</em></strong></span> <span class='ocrx_word' id='word_1_221' title='bbox 256 2767 444 2854; x_wconf 81' lang='grc' dir='ltr'><strong><em>εόστολος,’</em></strong></span> <span class='ocrx_word' id='word_1_222' title='bbox 428 2773 560 2856; x_wconf 85' lang='grc' dir='ltr'><strong><em>οίτυφος,</em></strong></span> <span class='ocrx_word' id='word_1_223' title='bbox 582 2772 807 2884; x_wconf 75' lang='grc' dir='ltr'><strong><em>ἀσχημάτιστος,</em></strong></span> <span class='ocrx_word' id='word_1_224' title='bbox 822 2772 1017 2856; x_wconf 82' lang='grc' dir='ltr'><strong><em>οίβλοίκευτος,</em></strong></span> <span class='ocrx_word' id='word_1_225' title='bbox 1040 2773 1107 2876; x_wconf 86' lang='grc' dir='ltr'><strong><em>ίμοί-</em></strong></span> 
     </span>
     <span class='ocr_line' id='line_1_31' title="bbox 140 2848 1106 2966; baseline 0.004 -48"><span class='ocrx_word' id='word_1_226' title='bbox 140 2881 189 2918; x_wconf 91' lang='grc' dir='ltr'><strong><em>τια</em></strong></span> <span class='ocrx_word' id='word_1_227' title='bbox 212 2848 375 2960; x_wconf 84' lang='grc' dir='ltr'><strong><em>αότόχροιυ</em></strong></span> <span class='ocrx_word' id='word_1_228' title='bbox 401 2861 534 2966; x_wconf 83' lang='grc' dir='ltr'><strong><em>φέρουσα</em></strong></span> <span class='ocrx_word' id='word_1_229' title='bbox 562 2860 613 2921; x_wconf 81' lang='grc' dir='ltr'><strong><em>καὶ</em></strong></span> <span class='ocrx_word' id='word_1_230' title='bbox 640 2859 800 2962; x_wconf 71' lang='grc' dir='ltr'><strong><em>ἄγαποόσα·</em></strong></span> <span class='ocrx_word' id='word_1_231' title='bbox 831 2860 882 2923; x_wconf 84' lang='grc' dir='ltr'><strong><em>καί</em></strong></span> <span class='ocrx_word' id='word_1_232' title='bbox 908 2866 1057 2941; x_wconf 83' lang='grc' dir='ltr'><strong><em>μαρτυρεῖ</em></strong></span> <span class='ocrx_word' id='word_1_233' title='bbox 1073 2853 1106 2922; x_wconf 83' lang='grc' dir='ltr'><strong><em>τό</em></strong></span> 
     </span>
     <span class='ocr_line' id='line_1_32' title="bbox 140 2933 1106 3028; baseline 0.002 -22"><span class='ocrx_word' id='word_1_234' title='bbox 140 2933 314 3022; x_wconf 80' lang='grc' dir='ltr'><strong><em>τόμοφόριον</em></strong></span> <span class='ocrx_word' id='word_1_235' title='bbox 337 2937 431 3022; x_wconf 72' lang='grc' dir='ltr'><strong><em>αὐτῆς</em></strong></span> <span class='ocrx_word' id='word_1_236' title='bbox 452 2943 486 3007; x_wconf 83' lang='grc' dir='ltr'><strong><em>τὸ</em></strong></span> <span class='ocrx_word' id='word_1_237' title='bbox 509 2943 556 3006; x_wconf 77' lang='grc' dir='ltr'><strong><em>ἐπὶ</em></strong></span> <span class='ocrx_word' id='word_1_238' title='bbox 577 2948 631 3008; x_wconf 80' lang='grc' dir='ltr'><strong><em>τοῦ</em></strong></span> <span class='ocrx_word' id='word_1_239' title='bbox 646 2948 721 3008; x_wconf 85' lang='grc' dir='ltr'><strong><em>ναοῦ</em></strong></span> <span class='ocrx_word' id='word_1_240' title='bbox 736 2939 827 3026; x_wconf 85' lang='grc' dir='ltr'><strong><em>αότης</em></strong></span> <span class='ocrx_word' id='word_1_241' title='bbox 842 2949 986 3026; x_wconf 81' lang='grc' dir='ltr'><strong><em>κείμενον.</em></strong></span> <span class='ocrx_word' id='word_1_242' title='bbox 1017 2947 1106 3028; x_wconf 85' lang='lat' dir='ltr'><strong>[Bois-</strong></span> 
     </span>
     <span class='ocr_line' id='line_1_33' title="bbox 138 3033 1106 3112; baseline 0 -20"><span class='ocrx_word' id='word_1_243' title='bbox 138 3033 235 3092; x_wconf 82' lang='lat' dir='ltr'><strong>sonad</strong></span> <span class='ocrx_word' id='word_1_244' title='bbox 259 3035 359 3092; x_wconf 81' lang='lat' dir='ltr'><strong>Anecd.</strong></span> <span class='ocrx_word' id='word_1_245' title='bbox 388 3035 441 3092; x_wconf 85' lang='lat' dir='ltr'><strong>rol.</strong></span> <span class='ocrx_word' id='word_1_246' title='bbox 466 3038 484 3094; x_wconf 88' lang='lat'><strong>3</strong></span> <span class='ocrx_word' id='word_1_247' title='bbox 513 3055 540 3110; x_wconf 93' lang='lat' dir='ltr'>p</span> <span class='ocrx_word' id='word_1_248' title='bbox 564 3035 643 3109; x_wconf 82' lang='lat'>476,</span> <span class='ocrx_word' id='word_1_249' title='bbox 670 3037 703 3094; x_wconf 83' lang='lat' dir='ltr'><strong><em>de</em></strong></span> <span class='ocrx_word' id='word_1_250' title='bbox 731 3037 773 3094; x_wconf 89' lang='lat' dir='ltr'><strong><em>his</em></strong></span> <span class='ocrx_word' id='word_1_251' title='bbox 796 3037 956 3112; x_wconf 81' lang='lat' dir='ltr'><strong>Ducangii,</strong></span> <span class='ocrx_word' id='word_1_252' title='bbox 959 3036 1106 3110; x_wconf 82' lang='lat' dir='ltr'><strong>,Aphrodi-</strong></span> 
     </span>
     <span class='ocr_line' id='line_1_34' title="bbox 138 3117 916 3216; baseline 0.003 -40"><span class='ocrx_word' id='word_1_253' title='bbox 138 3120 206 3176; x_wconf 88' lang='lat' dir='ltr'><strong>siani</strong></span> <span class='ocrx_word' id='word_1_254' title='bbox 229 3117 319 3175; x_wconf 84' lang='lat' dir='ltr'>locum</span> <span class='ocrx_word' id='word_1_255' title='bbox 342 3120 486 3215; x_wconf 83' lang='lat' dir='ltr'><strong>descripsit</strong></span> <span class='ocrx_word' id='word_1_256' title='bbox 507 3137 563 3177; x_wconf 86' lang='lat' dir='ltr'><strong><em>non</em></strong></span> <span class='ocrx_word' id='word_1_257' title='bbox 585 3121 700 3178; x_wconf 86' lang='lat' dir='ltr'><strong>multnrn</strong></span> <span class='ocrx_word' id='word_1_258' title='bbox 723 3119 890 3216; x_wconf 70' lang='grc' dir='ltr'><strong><em>οἰίίςεοῑον.ι</em></strong></span> <span class='ocrx_word' id='word_1_259' title='bbox 892 3117 916 3198; x_wconf 82' lang='lat'><strong><em>‘]</em></strong></span> 
     </span>
    </p>

    <p class='ocr_par' dir='ltr' id='par_1_3' title="bbox 139 3191 1106 3620">
     <span class='ocr_line' id='line_1_35' title="bbox 203 3191 1105 3282; baseline 0.001 -23"><span class='ocrx_word' id='word_1_260' title='bbox 203 3201 276 3276; x_wconf 82' lang='grc'>254,</span> <span class='ocrx_word' id='word_1_261' title='bbox 300 3203 350 3261; x_wconf 87' lang='grc'><strong><em>24.</em></strong></span> <span class='ocrx_word' id='word_1_262' title='bbox 381 3195 543 3278; x_wconf 87' lang='grc' dir='ltr'><strong><em>κεκόσμητο</em></strong></span> <span class='ocrx_word' id='word_1_263' title='bbox 567 3198 598 3262; x_wconf 81' lang='grc' dir='ltr'><strong><em>δὲ</em></strong></span> <span class='ocrx_word' id='word_1_264' title='bbox 621 3199 671 3260; x_wconf 85' lang='grc' dir='ltr'><strong><em>καί</em></strong></span> <span class='ocrx_word' id='word_1_265' title='bbox 693 3197 796 3274; x_wconf 82' lang='grc' dir='ltr'><strong><em>όίίίαις</em></strong></span> <span class='ocrx_word' id='word_1_266' title='bbox 815 3191 947 3282; x_wconf 79' lang='grc' dir='ltr'><strong><em>νἰρεταῖς]</em></strong></span> <span class='ocrx_word' id='word_1_267' title='bbox 972 3205 1043 3274; x_wconf 82' lang='lat' dir='ltr'><strong>Quas</strong></span> <span class='ocrx_word' id='word_1_268' title='bbox 1066 3214 1105 3260; x_wconf 87' lang='lat' dir='ltr'><strong><em>at·</em></strong></span> 
     </span>
     <span class='ocr_line' id='line_1_36' title="bbox 140 3279 1105 3364; baseline 0.001 -22"><span class='ocrx_word' id='word_1_269' title='bbox 140 3288 204 3360; x_wconf 84' lang='lat' dir='ltr'><strong>tigit</strong></span> <span class='ocrx_word' id='word_1_270' title='bbox 227 3289 345 3362; x_wconf 81' lang='lat' dir='ltr'><strong>scriptor</strong></span> <span class='ocrx_word' id='word_1_271' title='bbox 359 3289 428 3348; x_wconf 85' lang='lat' dir='ltr'><strong>vitae</strong></span> <span class='ocrx_word' id='word_1_272' title='bbox 443 3307 494 3352; x_wconf 84' lang='lat' dir='ltr'><strong><em>ms</em></strong></span> <span class='ocrx_word' id='word_1_273' title='bbox 518 3289 546 3348; x_wconf 89' lang='lat' dir='ltr'><strong><em>S.</em></strong></span> <span class='ocrx_word' id='word_1_274' title='bbox 563 3290 704 3346; x_wconf 81' lang='lat' dir='ltr'><strong>Theoctist</strong></span> <span class='ocrx_word' id='word_1_275' title='bbox 692 3297 736 3346; x_wconf 82' lang='lat' dir='ltr'><strong><em>tae</em></strong></span> <span class='ocrx_word' id='word_1_276' title='bbox 757 3289 882 3348; x_wconf 81' lang='lat' dir='ltr'><strong>Lesbiae:</strong></span> <span class='ocrx_word' id='word_1_277' title='bbox 905 3286 955 3346; x_wconf 85' lang='grc' dir='ltr'><strong><em>καί</em></strong></span> <span class='ocrx_word' id='word_1_278' title='bbox 977 3279 1034 3364; x_wconf 76' lang='grc' dir='ltr'><strong><em>χοὶρ</em></strong></span> <span class='ocrx_word' id='word_1_279' title='bbox 1058 3282 1105 3344; x_wconf 87' lang='grc' dir='ltr'><strong><em>έπί</em></strong></span> 
     </span>
     <span class='ocr_line' id='line_1_37' title="bbox 139 3362 1106 3452; baseline 0.002 -26"><span class='ocrx_word' id='word_1_280' title='bbox 139 3363 264 3444; x_wconf 85' lang='grc' dir='ltr'><strong><em>Κρήτην</em></strong></span> <span class='ocrx_word' id='word_1_281' title='bbox 298 3362 484 3430; x_wconf 66' lang='lat' dir='ltr'><strong><em>‹intratsov‘</em></strong></span> <span class='ocrx_word' id='word_1_282' title='bbox 460 3367 527 3452; x_wconf 83' lang='grc' dir='ltr'><strong><em>υπὸ</em></strong></span> <span class='ocrx_word' id='word_1_283' title='bbox 557 3371 608 3432; x_wconf 76' lang='grc' dir='ltr'><strong><em>τοῦ</em></strong></span> <span class='ocrx_word' id='word_1_284' title='bbox 635 3369 800 3450; x_wconf 88' lang='grc' dir='ltr'><strong><em>μακαρίτου</em></strong></span> <span class='ocrx_word' id='word_1_285' title='bbox 827 3368 958 3443; x_wconf 89' lang='grc' dir='ltr'><strong><em>Λέοντος</em></strong></span> <span class='ocrx_word' id='word_1_286' title='bbox 992 3369 1106 3430; x_wconf 78' lang='grc' dir='ltr'><strong><em>ἐκείνου</em></strong></span> 
     </span>
     <span class='ocr_line' id='line_1_38' title="bbox 139 3447 1105 3559; baseline 0.003 -48"><span class='ocrx_word' id='word_1_287' title='bbox 139 3453 300 3559; x_wconf 80' lang='grc' dir='ltr'><strong><em>πεμφθείς.</em></strong></span> <span class='ocrx_word' id='word_1_288' title='bbox 315 3454 478 3554; x_wconf 85' lang='grc' dir='ltr'><strong><em>Λέοντος,</em></strong></span> <span class='ocrx_word' id='word_1_289' title='bbox 502 3453 590 3534; x_wconf 83' lang='grc' dir='ltr'><strong><em>φημὶ,</em></strong></span> <span class='ocrx_word' id='word_1_290' title='bbox 613 3456 667 3515; x_wconf 80' lang='grc' dir='ltr'><strong><em>τοῦ</em></strong></span> <span class='ocrx_word' id='word_1_291' title='bbox 682 3451 823 3532; x_wconf 78' lang='grc' dir='ltr'><strong><em>εὐτυχοῦς</em></strong></span> <span class='ocrx_word' id='word_1_292' title='bbox 844 3447 929 3522; x_wconf 88' lang='grc' dir='ltr'><strong><em>όντος</em></strong></span> <span class='ocrx_word' id='word_1_293' title='bbox 951 3451 1105 3544; x_wconf 81' lang='grc' dir='ltr'><strong><em>βασιλέως,</em></strong></span> 
     </span>
     <span class='ocr_line' id='line_1_39' title="bbox 139 3530 1019 3623; baseline 0.002 -25"><span class='ocrx_word' id='word_1_294' title='bbox 139 3536 190 3598; x_wconf 85' lang='grc' dir='ltr'><strong><em>καί</em></strong></span> <span class='ocrx_word' id='word_1_295' title='bbox 213 3535 269 3616; x_wconf 82' lang='grc' dir='ltr'><strong><em>τὴν</em></strong></span> <span class='ocrx_word' id='word_1_296' title='bbox 291 3530 428 3620; x_wconf 78' lang='grc' dir='ltr'><strong><em>εὐτυχίαν</em></strong></span> <span class='ocrx_word' id='word_1_297' title='bbox 447 3538 599 3618; x_wconf 85' lang='grc' dir='ltr'><strong><em>Ῥωμαίων</em></strong></span> <span class='ocrx_word' id='word_1_298' title='bbox 620 3541 664 3601; x_wconf 75' lang='grc' dir='ltr'>τοῖ</span> <span class='ocrx_word' id='word_1_299' title='bbox 685 3536 770 3623; x_wconf 78' lang='grc' dir='ltr'><strong><em>τάφοι</em></strong></span> <span class='ocrx_word' id='word_1_300' title='bbox 793 3536 1019 3614; x_wconf 79' lang='grc' dir='ltr'><strong><em>συνθάψοντος.</em></strong></span> 
     </span>
    </p>
   </div>
   <div class='ocr_carea' id='block_1_3' title="bbox 915 3641 954 3691">
    <p class='ocr_par' dir='ltr' id='par_1_4' title="bbox 915 3641 954 3691">
     <span class='ocr_line' id='line_1_40' title="bbox 915 3641 954 3691; baseline 0 -20"><span class='ocrx_word' id='word_1_301' title='bbox 915 3641 954 3691; x_wconf 67' lang='grc'><strong><em>51</em></strong></span> 
     </span>
    </p>
   </div>
   <div class='ocr_carea' id='block_1_4' title="bbox 0 0 1281 3850">
    <p class='ocr_par' dir='ltr' id='par_1_5' title="bbox 0 0 1281 3850">
     <span class='ocr_line' id='line_1_41' title="bbox 0 0 1281 3850; baseline 0 0"><span class='ocrx_word' id='word_1_302' title='bbox 0 0 1281 3850; x_wconf 95' lang='lat' dir='ltr'><strong><em> </em></strong></span> 
     </span>
    </p>
   </div>
  </div>
 </body>
</html>
