2544 3852
520 231 672 282 novor.
693 231 738 287 ιιι
1052 231 1113 296 199

145 357 343 443 ἀποπληροῦν
365 363 476 443 χρείαν,
500 363 552 426 καὶ
576 371 636 438 τοῖς
658 365 820 464 βασιλείοις
842 367 1015 446 μυστηρίοις
1025 358 1112 465 ὑπη-

146 454 308 528 ρετεῑσθαι
330 461 406 510 eto
425 455 442 511 7
465 441 562 526 ἦν
527 473 583 531 γαρ
605 443 814 530 ὑπογραφεὺς,
837 459 898 512 τῶν
921 446 1137 530 κρατούντων·

146 525 352 640 μυστηρίοις’
336 529 583 613 υπηρετοόμενος.
613 540 670 597 Alia
686 540 767 598 vide
759 557 787 598 ιιι
803 540 892 598 Gloss.
909 541 980 598 med.
998 541 1112 600 Graecit.

145 613 428 699 11ιν.Ἀσηιιρῆτις.

210 709 288 780 250,
310 702 339 764 2.
375 711 430 764 τοῦ
458 695 546 778 όρους
573 712 627 765 τοῦ
655 705 829 786 Πανιωνίου]
863 710 971 785 Papycii
998 711 1111 786 montis,

144 810 238 850 versus
261 792 434 866 Strymonem
456 791 581 862 fluvium,
609 795 710 851 mentio
739 803 781 851 est
804 795 874 868 apud
896 795 1026 852 loannem
1049 794 1111 852 Gin-

145 893 251 935 namum
273 877 320 934 lib.
346 877 376 934 6.
399 895 427 934 ιι.
452 879 469 936 6
498 885 526 934 et
547 877 695 935 Nicetam
687 895 715 934 m
738 879 837 937 isaacio
861 878 907 936 lib.
932 879 959 940 3.
989 896 1018 936 ιι.
1043 881 1059 937 l
1084 889 1112 938 et

144 961 369 1019 llonasteriorum
391 963 419 1018 io
442 979 474 1018 (ιο
498 961 710 1020 aedificatorum.

210 1045 339 1118 251,1.
373 1033 445 1119 μετὰ
472 1051 535 1104 τῶν
558 1043 753 1126 Μανιχαίων]
789 1049 825 1104 lle
846 1024 1013 1106 ‘llaniclraeis
1041 1050 1111 1106 eirca

145 1131 355 1205 Philippopolim
383 1132 495 1188 consule
517 1131 600 1189 Notas
628 1141 736 1190 nostras
759 1133 793 1190 ad
815 1132 968 1189 Aleriadem
990 1151 1019 1207 p.
1040 1132 1109 1190 284.

210 1216 325 1288 251,1
314 1214 362 1272 1.4
397 1204 495 1290 λόγοις
517 1212 740 1294 προσκείμενος]
766 1217 843 1286 Quod
867 1225 982 1274 testatur
1005 1219 1033 1274 in
1054 1220 1109 1292 pri·

145 1301 196 1356 mis
219 1301 275 1356 eius
299 1316 377 1374 quam
401 1317 465 1398 prae
481 1301 604 1358 manibus
620 1301 748 1359 habemus
763 1303 887 1373 historia,
909 1302 983 1358 Petri
1003 1301 1110 1359 Possini

145 1383 236 1440 studio
264 1386 336 1459 typis
359 1386 442 1459 regiis
469 1384 556 1458 edita,
585 1394 613 1442 et
636 1403 714 1460 quam
738 1387 937 1443 Commentario
964 1386 1110 1443 illustravi-

144 1485 214 1524 mus.
259 1467 399 1526 Nicetns'
391 1485 419 1526 tn
447 1469 546 1528 loanne
574 1487 599 1526 n.
626 1471 641 1527 1
672 1471 704 1528 de
733 1473 809 1528 Irene
838 1487 970 1565 generum
1001 1472 1112 1546 coniugi

144 1553 238 1610 Alexio
262 1553 324 1609 ad
316 1555 426 1656 imperii
445 1556 645 1612 successionem
661 1563 848 1650 proponente:
871 1543 922 1610 ότι
936 1550 1061 1610 εἰπεῖν
1046 1573 1110 1610 ινα-

132 1629 288 1711 Ννιότατον,
317 1631 368 1692 καὶ
391 1625 447 1694 οόιι
471 1627 610 1694 ε’λαττονα
634 1630 869 1736 διαπράξασθαι,
896 1630 1112 1738 ιια1μα11ημιι1-Ι

145 1740 204 1778 των
231 1715 409 1796 ἐλευθερίων
431 1713 625 1816 μετασχόντα,
655 1720 813 1822 ῥυθμίζειν
835 1711 868 1780 τὸ
889 1707 967 1796 ἦθος
990 1716 1111 1780 εἰδότων

145 1800 196 1862 καὶ
218 1800 293 1903 πρὸς
315 1802 467 1882 βασιλείαν
489 1794 747 1886 ἆὸιαλιόβητον’
715 1827 751 1866 ου
765 1804 857 1886 βραχὲ
856 1829 876 1865 α
897 1804 1112 1885 συναιρόμενον

144 1893 206 1960 τοῖς
227 1881 328 1969 όρχειν
350 1886 515 1965 μέλλουσιν

209 1976 279 2050 252,
304 1978 332 2034 3.
366 1967 474 2056 στήλη]
498 1979 535 2034 Ile
558 1979 609 2036 hac
631 1989 722 2037 statua
745 1979 914 2037 Constantini
937 1987 965 2036 et
986 1980 1111 2036 columna

144 2061 348 2136 Porphyretica‚
371 2063 546 2138 eiusdemque
568 2073 673 2120 statuae
696 2081 776 2134 casu,
799 2067 904 2138 egimus
927 2067 955 2122 in
977 2065 1055 2120 Notis
1077 2063 1110 2120 ad

144 2146 300 2203 Aleriadem
328 2147 471 2207 Annaeam.
524 2147 596 2204 lilius
630 2157 770 2222 praeterea
800 2151 922 2205 meminit
949 2149 1090 2206 Nicetes
1082 2165 1109 2204 ιιι

146 2232 284 2290 'lheaauro
308 2231 418 2288 orthod.
442 2229 488 2288 fid.
512 2232 542 2304 5,
560 2233 597 2288 11
622 2249 655 2288 οι
670 2235 794 2290 versione
808 2233 881 2288 Petri
898 2233 1017 2288 llorelli:
1042 2233 1109 2290 Cum

142 2319 323 2388 pervenisset
352 2317 391 2372 ad
412 2315 522 2390 δέραια,
550 2320 633 2374 locus
659 2318 706 2374 iric
735 2324 777 2374 est
805 2318 886 2374 urbis
909 2315 1109 2373 Constantino·
1192 2387 1196 2392 ι

139 2403 438 2472 palaesimundum
469 2416 523 2458 nec
543 2405 648 2473 procul
677 2419 695 2456 a
716 2402 875 2473 Purpureo
899 2403 1031 2458 colnmno
1054 2402 1110 2456 clis-

143 2488 232 2550 situs·
255 2500 300 2558 ια,
311 2489 444 2578 inquom,
468 2489 517 2542 cni
530 2489 657 2544 νιαωίιιιυ
674 2485 853 2544 Constantini
865 2492 962 2542 statuo
978 2489 1109 2558 imposita

147 2577 201 2640 τοί,
224 2585 300 2643 quoe
311 2553 472 2642 Ἀνθήλιος
493 2571 607 2639 αἰτίαιν,
632 2587 708 2644 quoe
730 2578 829 2628 terroe
843 2577 919 2627 moin
942 2573 1025 2626 etiam
1042 2586 1109 2626 con·

140 2613 246 2727 fro'cta
270 2659 312 2710 est
333 2658 496 2747 imperante
520 2656 726 2713 Comnenornm
747 2658 840 2727 primo
864 2655 966 2712 Alecto
989 2662 1043 2710 etc.

210 2737 282 2810 252,
307 2737 356 2796 25.
386 2725 438 2793 τόν
460 2730 620 2813 Καμότζην
636 2727 824 2815 Εόστόθιον]
848 2737 930 2795 Cuius
953 2756 1008 2795 non
1024 2737 1108 2794 semel

81 2849 84 2854 ·
143 2823 265 2879 meminit
287 2820 365 2880 Anna
384 2821 520 2880 Comnena
541 2823 612 2880 libro
637 2824 675 2882 13
699 2823 818 2880 Aleriad.

208 2899 447 2983 αἰνιγματώδεις]
471 2908 566 2964 (imisit
580 2909 676 2966 Petrus
690 2908 847 2966 Lamhecius
862 2908 931 2964 hanc
945 2908 978 2964 de
993 2907 1108 2982 lmpera·

142 3000 235 3048 torum
258 2991 318 3050 latis
340 2993 553 3066 praedictionem
575 2995 603 3049 in
619 3011 668 3049 sua
683 2993 844 3050 collectione
865 2990 984 3066 praelixa
1007 2991 1108 3048 Leonis

143 3075 210 3150 lmp.
240 3075 376 3150 Graeculis,
410 3078 454 3132 cui
480 3077 549 3133 hanc
576 3077 635 3133 addi
664 3077 759 3148 velim,
789 3093 868 3152 quam
897 3093 929 3134 ex
958 3077 1019 3134 cod.
1048 3093 1113 3150 reg.

145 3159 237 3218 1595.
261 3161 310 3222 iol.
335 3161 374 3219 75
398 3161 462 3218 olim
485 3161 686 3236 descripsimus.
764 3173 766 3176 ·

527 3308 717 3360 ΧΡΗΣΜΟΣ.

241 3401 306 3470 ‘'0’
331 3407 360 3484 ἐξ
383 3405 459 3494 ἑῴας
481 3408 530 3472 ιια1
554 3410 674 3518 δνσμων
696 3401 760 3486 ἥξει
783 3433 880 3514 μαχη,

251 3471 488 3574 σθ’ἕνόεόότης
510 3493 558 3558 ὅτε
580 3493 641 3576 μὴν
663 3501 848 3578 κορυφαῖος,
