2548 3850
506 194 555 245 Au
573 195 656 247 von.
675 195 728 250 111.
1061 195 1103 260 33

201 335 277 405 188,
307 335 334 392 6.
370 319 444 407 ἡδὲ
471 329 532 388 τῶν
557 318 708 408 Ῥωμαίων
734 321 891 410 ἡγεμονία]
926 335 1102 393 Partitionem

135 422 242 496 imperii
265 377 479 476 6onstantiniani
500 420 573 475 inter
592 419 667 476 illius
689 418 760 476 filios
782 421 820 476 itu
841 422 1017 493 prosequitur
1037 422 1102 478 scri·
1121 426 1152 476 31

135 514 200 606 ptor
221 506 292 560 vitae
314 503 343 560 8.
366 505 477 560 Artemii
500 519 550 560 ms.
573 497 643 580 ίίρτι
657 501 711 560 τοῦ
717 498 859 605 μεηάλρυ
875 501 1102 560 Κωνσταντίνου

135 582 189 645 τδυ
210 585 278 664 βίον
300 577 560 684 ἆπολιπόντος,ε
547 583 588 657 εἰς
609 590 686 665 τρεῖς
708 575 800 665 ολρχδς
827 581 847 662 6
871 587 930 644 τοόν
955 581 1103 663 Ῥωμαίων

136 669 255 745 ἐξουσία
270 669 454 776 διεμερίσθη,
471 671 530 728 τῶν
544 671 619 730 υίῶν
634 666 739 744 αὐτοῦ,
756 670 995 747 Κωνσταντίνου,
1020 673 1104 730 Κων-

135 755 273 816 σταντίου
295 777 326 815 τε
347 751 398 814 καλ
422 749 615 828 Κώνσταντος
636 750 744 828 ταύτας
767 751 958 862 διελομένων·
988 753 1039 816 καλ
1062 755 1105 837 τῷ

135 837 190 918 μὲν
213 834 337 946 πρώτην
336 839 553 922 Κωνσταντίνῳ
568 831 642 899 αί”
621 861 685 900 ανω
700 839 824 948 Patrtpt
847 837 898 900 καί
918 862 953 900 τα
943 814 1104 899 ἐπέκεινα

55 999 58 1004 .
129 921 276 1030 Ἄλπεων,
299 923 337 984 αί
354 945 385 984 τε
407 906 606 1024 Βρεττανικαλ
629 925 725 1004 νῆσοι,
747 923 799 984 καλ
823 921 877 996 ἕως
900 946 952 984 τον
940 921 1104 1026 ἑσπερίου

138 1003 272 1070 ὠκεανοῦ
294 1009 402 1088 κλῆρος
425 1003 600 1152 ἕδρθησαν.ῖ
607 1011 649 1094 τῷ
670 1007 702 1070 δὲ
717 1005 944 1084 Κολνσταντι,’
922 1033 963 1081 ως
977 1001 1103 1116 666666,

136 1089 270 1193 ρὶκοίτω
292 1086 468 1170 Γαλλίαι,”
449 1114 543 1198 ηηουν
564 1117 584 1154 α
586 1071 754 1172 λ’λταλίαι,
783 1086 892 1154 καλ’
857 1087 973 1173 αντηὴ
998 1070 1102 1172 Ροίμη

137 1169 153 1282 6
178 1177 210 1240 δὲ
232 1173 444 1285 Κριηστυίντιοςυ
466 1171 482 1238 6
506 1178 640 1284 δεύτερος
668 1181 729 1240 τῶν
757 1179 990 1280 Κωνσταητίνοη
1016 1181 1103 1255 6666,

137 1257 170 1337 δς
192 1257 232 1343 ἦν
254 1261 302 1323 ἐπὶ
325 1265 385 1324 τῶν
408 1265 459 1340 τῆς
477 1259 607 1364 6663'
572 1286 639 1364 τρτε
653 1264 837 1366 πραγμάτων
852 1257 926 1343 πρὸς
941 1255 1009 1370 τρδς
1024 1263 1103 1344 Πέρ·

136 1365 190 1450 σης
204 1342 484 1446 ολγωνιζομενος,
454 1371 487 1408 το
510 1350 561 1425 τῆς
583 1339 728 1426 ἆνατολῆς
750 1341 911 1420 ἀσπάζεται
933 1349 1030 1428 μέρος,
1053 1347 1104 1410 καί

137 1425 170 1494 τὸ
193 1425 362 1504 Βυζάντιον
383 1431 607 1537 μετονομασθὲν
628 1433 669 1509 εἰς
691 1428 1025 1542 K66or6666666066,
1053 1432 1105 1494 κοιλ

127 1515 223 1580 ,Νέαν
240 1515 364 1597 Ῥώμην,
387 1524 514 1578 ποιεῖται
536 1519 685 1598 βασίλιον,
708 1517 759 1579 καί
782 1515 818 1578 τδι
835 1509 894 1578 σἰπδ
909 1520 962 1579 τοῦ
981 1515 1105 1618 Ἰλλυρι-

137 1605 194 1663 κοῦ
215 1602 300 1682 μέχρι
321 1607 373 1680 τῆς
393 1599 627 1681 66060266603·e
612 1602 711 1710 06666
725 1600 849 1680 ὑπήκοα
867 1600 1031 1710 Ῥωμαίοις,
1051 1597 1106 1682 τήν

139 1709 169 1748 τε
191 1689 308 1764 Συρίαν
329 1689 381 1750 καὶ
403 1689 617 1794 Παλαιστίνην,
642 1686 693 1748 καὶ
716 1689 963 1767 Μεσοποταμίαν
982 1685 1034 1748 καί
1049 1687 1106 1748 Αί-

137 1794 276 1876 γυπτον,
284 1773 336 1834 καί
353 1767 404 1847 τὰς
419 1790 530 1850 νηοους
544 1767 663 1845 ολποίσας
679 1775 715 1856 τῇ
730 1769 824 1834 αὐτου
812 1773 974 1857 βασιλεία
989 1771 1040 1833 καλ
1055 1793 1106 1832 πο-

139 1859 231 1918 λιτεία
258 1851 389 1936 ὑποτελῆ
418 1859 583 1937 καθίστησι.
633 1861 698 1919 Vide
721 1863 926 1920 Constantinum
954 1863 1001 1921 lib.
1025 1863 1043 1920 2
1073 1863 1106 1919 de

140 1948 262 2004 'lbemut
288 1965 344 2022 cap.
362 1949 380 2006 9
404 1956 431 2004 et
452 1948 520 2004 alios
543 1950 643 2024 passim
665 1949 826 2023 scriptores.

206 2031 277 2104 188,
303 2032 352 2090 18.
380 2028 503 2088 Κοττίαι
525 2027 574 2111 δὲ]
597 2035 632 2089 lle
648 2032 761 2106 Alpibus
783 2032 890 2104 Cottiis,
914 2039 941 2089 ot
957 2047 1023 2106 rege
1044 2029 1107 2087 Cot·

138 2117 189 2188 tio,
211 2117 340 2191 illiusque
362 2135 449 2192 regno
471 2118 557 2175 multa
580 2117 679 2174 habent
701 2118 829 2174 Simlerus
852 2119 880 2174 in
899 2117 1049 2173 Comment.
1074 2115 1107 2172 de

141 2200 271 2275 Alpibus,
300 2202 439 2258 Cluverius
462 2201 507 2258 lib.
534 2204 550 2258 1
579 2202 670 2258 ltaliae
699 2203 782 2275 antiq.
807 2219 866 2275 sap.
893 2201 930 2256 12
960 2207 988 2257 et
1012 2199 1050 2257 32
1080 2209 1108 2256 et

141 2285 185 2342 elii
227 2287 315 2342 assim.

206 2304 278 2442 688,
301 2365 351 2428 21.
379 2367 419 2450 τῷ
438 2366 633 2447 Κωνσταντίῳ
655 2363 686 2425 δὲ
702 2359 802 2462 λάχρς]
828 2369 986 2462 liun6pius'
979 2383 1006 2423 m
1022 2366 1107 2423 Aede·

140 2455 182 2510 sio
204 2473 232 2529 ρ
248 2413 300 2512 44.
324 2427 531 2528 διαδίξνλμενος
553 2447 586 2511 δὲ
608 2425 926 2558 δΚωνστοίηντιοςτην
943 2449 1106 2549 βασιλείαν,

141 2533 193 2595 καί
215 2530 418 2642 κληρωθελς’
401 2555 455 2596 ooo
470 2557 503 2614 γε
525 2529 695 2612 ἐκληρώθη,
718 2535 811 2595 ταῦτα
833 2527 907 2594 δὲ
886 2556 926 2613 ην
948 2527 984 2593 τὰ
1007 2531 1035 2606 ἐξ
1053 2495 1106 2592 ’-Ιλ

141 2621 252 2700 λυριῶν
275 2621 315 2692 είς
337 2619 395 2700 τὴν
418 2619 534 2721 Νέβιαν
556 2615 743 2721 καρῖηκοντρι,

208 2709 276 2780 188,
300 2710 351 2768 23.
382 2703 433 2766 καί
456 2697 530 2786 πρὸς
552 2700 669 2779 τούτοις
690 2727 746 2782 την
771 2700 897 2788 Θρηίκην
919 2691 976 2762 σδν
998 2702 1034 2786 τῇ
1056 2697 1108 2762 πό-

143 2792 186 2848 λει
209 2790 246 2873 τῇ
267 2791 411 2874 πατρικῇ]
444 2793 553 2852 Errasse
576 2795 722 2866 Victorem,
745 2795 792 2868 qui
808 2795 944 2850 'lbraciem
967 2791 1107 2848 Constanti

142 2887 281 2952 postremo
305 2897 338 2936 ex
360 2881 529 2938 Constantini
552 2878 612 2936 liliis
636 2879 778 2937 obvenisse
801 2877 910 2948 scribit,
932 2877 1037 2950 pridem
1061 2876 1109 2934 ob·

143 2972 277 3019 servatum
300 2963 332 3020 sb
355 2966 423 3022 eliis.
508 2969 518 2979 '

210 3047 288 3120 188,
309 3049 359 3110 26.
392 3041 467 3104 κατὰ
491 3045 630 3126 Περσων]
661 3047 713 3116 Qui
736 3046 906 3103 Antiochiam
928 3045 1110 3103 circumsede-

142 3140 204 3188 runt
220 3143 254 3208 vet
275 3139 414 3207 ceperant,
437 3143 469 3190 ut
491 3142 534 3190 est
556 3134 627 3208 apud
649 3131 798 3207 Eunapium
820 3132 848 3186 in
871 3131 994 3187 Aedesio.

210 3217 281 3294 188,
305 3217 355 3286 27.
386 3209 402 3274 6
428 3209 590 3295 Σαπώρης]
613 3218 650 3274 lie
672 3218 722 3274 bac
744 3215 854 3290 Saporis
877 3215 1059 3290 expeditione,
1083 3221 1112 3269 et

144 3299 229 3356 Nisibi
251 3318 265 3358 a
287 3301 376 3360 Persis
399 3302 526 3374 obsesso,
554 3309 640 3378 agunt
666 3301 868 3375 Philostorgius
895 3301 927 3372 3,
953 3299 1003 3356 24.
1048 3301 1130 3354 Am··

77 3409 78 3412 ¹
145 3385 264 3458 mimus,
293 3386 392 3445 Chron.
415 3387 557 3444 Alexandr.
580 3405 607 3461 p.
631 3385 701 3444 672.
732 3385 802 3443 674.
826 3385 897 3444 678.
932 3383 1111 3457 Theophanes

145 3487 173 3544 p.
199 3468 248 3526 28.
273 3470 312 3526 32
336 3473 430 3552 etalii
451 3474 561 3547 passim.

181 3581 305 3617 zoninus
324 3583 360 3618 v1.
943 3569 958 3615 3
