2544 3852
509 239 559 290 AD
578 237 661 290 VOL.
678 240 727 289 IV.

136 376 298 436 Theodorou
321 395 385 436 vero
409 395 551 435 sororum:
601 367 605 374 ”

222 457 428 541 σνγγαμβρικὴ
453 452 607 534 σύνταξις,
631 453 891 536 οῑσννλεοπόται,

221 542 254 604 sti
277 543 376 625 ῥῆγμα
398 542 576 644 πενθήσασα
597 543 650 618 τῆς
672 537 862 618 τετρακτύος,

220 623 415 733 ἀπορραγησα
422 625 493 730 γὰρ
516 619 534 703 ἡ
558 625 771 706 τετράπλευρος
794 621 922 728 φαλαγξ,

220 709 385 813 ολδελφικὴ
392 709 575 794 σιλμπνενσις
597 708 616 790 ἡ
638 713 691 789 τῆς
713 707 886 812 πορφύρας,

222 790 273 858 τὸν
295 802 348 876 τῆς
370 787 501 876 αόελφῆς
523 795 741 905 cuppecprioore
763 793 869 858 στόνον

225 882 326 984 isticce
349 881 476 988 γαμβροὶ
498 879 565 984 τὴν,
578 874 654 962 ὅλην
675 884 854 960 πανοπλίαν,
1102 892 1151 944 123

223 961 243 1048 ἣ
265 963 451 1050 πενθερικὴν
473 959 528 1030 οὐκ
550 960 688 1046 ἀπήμονι
709 963 836 1048 βλαβην.
1181 1047 1182 1052 ¹

137 1053 175 1110 Ex
198 1057 296 1132 quibus
320 1057 441 1116 versibus
466 1058 572 1114 tandem
595 1057 726 1115 docemur
749 1059 825 1114 cuius
847 1057 1020 1133 Imperatoris
1049 1055 1103 1113 filia

138 1139 221 1198 inerit
244 1142 387 1200 Theodora
414 1142 667 1218 Porphyrogenita,
698 1142 804 1199 ioannis
832 1142 936 1200 scilicet
963 1142 1100 1212 Cononem,

137 1229 213 1282 cuins
242 1229 322 1283 trium
350 1228 480 1284 duntaxat
507 1228 672 1283 mentionem
701 1235 786 1302 agunt
813 1229 977 1302 scriptores,
1006 1227 1103 1283 Mariae

139 1312 241 1368 scilicet
263 1311 381 1387 lingerio
408 1312 529 1383 Caesari,
557 1311 669 1367 alterius
700 1311 837 1386 Stephano
868 1311 1104 1386 Contostephano,

139 1396 235 1452 tertiae
258 1397 374 1471 denique
396 1396 541 1453 Theodoro
564 1395 687 1452 Vatatzae
709 1405 864 1470 nuptarum,
888 1396 985 1470 quibus
1008 1402 1104 1494 quarta

130 1480 281 1544 'Theodora
303 1481 483 1556 adiungenda,
506 1479 620 1554 proinde
635 1479 763 1537 ilanuelis
786 1479 914 1536 Comneni
938 1489 997 1536 tum
1017 1481 1103 1554 impe·

137 1567 234 1635 rantis,
257 1583 318 1622 oum
341 1565 445 1621 Mannei
468 1566 582 1620 Anemas
605 1564 683 1636 obiit,
707 1582 796 1621 soror.
840 1564 913 1621 idem
936 1572 1032 1640 poeta:

225 1637 299 1719 uro}
322 1637 473 1724 Mercurii.
494 1641 747 1743 πορφυρανθητος
769 1635 893 1721 κλάδος,

224 1729 308 1808 εἴπερ
331 1728 400 1792 ποτὲ
423 1728 509 1791 στένει
532 1723 696 1808 στῦγνασον
719 1727 750 1790 ἐν
772 1736 816 1812 spi
837 1731 895 1790 νῦν
917 1725 1039 1803 πένθει,

224 1813 276 1874 καλ
298 1817 525 1886 πολλαπλασίοις
548 1810 701 1892 δακρνσιν,
727 1804 781 1894 οὐχ
804 1813 856 1875 ε’να
879 1805 989 1894 τρόπον

224 1895 445 1978 ἐζημιώθης
416 1923 470 1961 τον
491 1893 677 1978 στρατάρχην
698 1897 753 1961 τον
776 1897 879 1980 μέγαν.

139 1987 210 2044 Haec
238 1989 301 2047 iicet
329 1990 475 2064 prolixiora
508 1989 579 2046 haud
606 1989 712 2065 ingrata
742 1989 802 2046 iore
835 1989 983 2046 lectoribus
1012 2003 1104 2044 rerum

139 2073 345 2146 Byzantinarum
373 2074 535 2131 amatoribus
564 2073 734 2134 confidimns.
778 2074 814 2130 iic
843 2077 912 2130 turri
940 2089 1004 2130 vero
1034 2089 1104 2147 quae

139 2157 255 2215 Anemae
278 2175 376 2216 nomen
391 2161 506 2215 servavit
528 2158 560 2214 ab
575 2159 681 2216 incluso
703 2162 757 2216 isto
775 2159 902 2215 Michaele
921 2159 1020 2214 Anema
1038 2174 1104 2231 apo·

138 2249 222 2314 stata,
252 2243 367 2300 diximus
395 2245 422 2298 iu
445 2243 679 2318 Constantinopoli
702 2243 802 2302 Christ.
830 2242 877 2298 lib.
904 2243 931 2298 1.
960 2248 1027 2297 sect.
1052 2240 1103 2312 13,

138 2327 185 2401 qni
208 2327 326 2401 quidem,
349 2336 380 2384 ut
402 2345 451 2402 par
474 2335 516 2383 est
538 2327 683 2400 conicere,
706 2335 783 2402 poter
806 2327 858 2383 init
880 2325 1009 2382 Manuclis
1031 2325 1103 2381 Ane-

138 2427 196 2468 mae
219 2412 351 2486 Despotae
379 2420 407 2468 et
429 2411 772 2486 Pauhyperprotoscbasti,
801 2411 834 2468 de
858 2427 911 2486 quo
935 2411 1019 2466 hocce
1041 2409 1103 2466 ioco

140 2497 256 2570 egimus

203 2581 281 2653 245,
305 2581 332 2640 7.
367 2543 522 2686 δρώπακι]
552 2579 602 2638 Ubi
630 2581 690 2638 cod.
722 2597 772 2640 ms.
803 2587 831 2635 et
857 2579 922 2636 edit.
952 2579 984 2635 ad
1013 2593 1102 2653 marg
1183 2571 1187 2580 '

138 2661 272 2740 δρῶπαξ,
296 2659 329 2722 τὸ
351 2663 459 2740 χρίσμα
482 2657 522 2720 δι’
539 2685 574 2722 ον
596 2647 730 2740 τριχωσις
744 2655 927 2740 ἀφαιρεῖται,
948 2661 1101 2720 cuiusmodi

140 2758 181 2806 est
204 2751 364 2825 compositio
387 2751 449 2824 illa,
477 2753 553 2808 cuius
582 2753 703 2808 meminit
732 2752 827 2808 Petrus
856 2748 983 2806 Boionius
1013 2746 1061 2804 lib.
1086 2745 1105 2803 3

140 2835 247 2893 observ.
276 2853 334 2908 cap.
357 2834 413 2908 33,
443 2853 495 2910 qua
524 2835 651 2892 mulieres
680 2837 751 2912 apud
780 2835 883 2891 Turoos
913 2831 1104 2908 pudendorum

139 2919 210 2994 pilos
233 2920 363 2978 evellunt.
406 2919 471 2976 Vide
494 2937 562 2994 quac
584 2920 618 2976 de
642 2921 690 2977 hac
711 2938 777 2976 voce
799 2925 929 2975 annotant
951 2917 1050 2974 Critici.

203 3003 275 3078 246,
300 3004 328 3062 2
358 2996 446 3059 uat‘
429 3025 450 3103 op
472 3023 566 3104 ppropp
589 2993 702 3082 αὐτων]
732 3005 807 3061 irene
830 3003 976 3060 Alanorum
998 3001 1103 3060 Princi-

139 3090 180 3162 pis
203 3087 266 3162 lilia,
290 3089 322 3145 de
338 3106 391 3163 qua
408 3091 512 3164 egimus
535 3089 905 3165 inFamiiiisszantinisp.
923 3087 994 3150 174.
1032 3087 1102 3144 Huic

139 3172 235 3230 dicavit
262 3173 424 3231 Theodorus
452 3173 618 3231 Prodromus
646 3174 746 3230 Poema
774 3174 1002 3241 astronomicum,
1032 3171 1106 3245 quod

140 3260 270 3315 asservari
298 3261 326 3314 in
348 3257 515 3316 Bibliotheca
545 3258 673 3316 Caesarea
700 3266 794 3316 monet
821 3257 918 3315 Petrus
945 3255 1105 3313 Lambecius

140 3341 185 3404 lib.
210 3343 227 3400 6
252 3343 285 3399 de
309 3343 367 3400 ead.
392 3343 459 3400 Bihl.

205 3426 277 3500 247,
298 3427 348 3484 17.
366 3415 574 3504 Ἀνδρόνικος]
597 3428 767 3486 Andronicus
783 3427 935 3485 comnenus
950 3425 1107 3499 Porphyro·

140 3513 249 3585 genitus
273 3511 486 3587 Sebastocrator,
512 3517 558 3588 qui
581 3515 608 3570 in
631 3515 691 3590 ipso
714 3515 809 3570 aetatis
832 3513 900 3570 ilore
923 3517 1017 3568 contra
1035 3510 1105 3566 Τοι-
