2548 3850
195 241 234 306 16
539 242 819 294 nuuornrrouss

193 401 257 440 num
281 385 308 440 in
330 382 435 455 hirica,
458 381 582 438 initalia
605 381 742 456 Galliaque
766 381 944 455 Cimbricum,
967 384 1159 456 Teutonicum,

194 477 221 524 et
244 468 413 542 Tigurinum.
458 466 554 522 Omisit
582 469 665 526 etiam¹
691 466 902 540 descriptionem
930 469 1097 524 tumultuum
1119 470 1160 523 in·

193 554 367 624 testinorum,
390 553 437 624 qui
460 550 492 606 ab
514 551 573 606 istis
597 550 763 623 temporibus
788 551 897 606 Romam
920 551 1159 624 labefactaverunt,

194 635 354 694 seditionem
377 635 481 692 scilicet
503 634 602 690 'liberii
618 633 739 698 Gracchi,
763 653 793 690 ac
815 642 878 708 post
900 652 959 692 eam
975 635 1028 692 Caii
1051 636 1158 694 iratris:

194 719 290 777 deinde
313 719 410 794 Apulei
432 719 587 790 Saturnini,
615 727 672 774 tum
701 718 802 775 bellum
825 717 1007 776 Romanorum
1031 718 1159 796 adversus

193 807 285 862 socios
309 807 354 879 qui
377 805 558 861 delectionem
586 820 635 878 per
657 803 759 858 ltaliam
782 805 914 860 fecerant:
942 803 1043 860 bellum
1065 813 1160 860 contra

194 906 303 960 servos,
326 897 421 946 contra
445 887 617 962 Spartacum3
646 904 676 944 ac
697 896 836 960 postremo
865 887 939 944 llarii
962 896 990 945 et
1013 888 1102 963 Syllae
1125 891 1161 945 ci·
1258 883 1260 888 ’

193 973 254 1028 vilia
275 973 355 1044 bella,
378 983 460 1046 atque
482 972 535 1028 alia
556 975 632 1030 anuis
655 972 762 1028 circiter
785 973 826 1030 60
848 981 934 1046 gesta.
980 974 1026 1030 W.
1259 1019 1260 1022 ,

259 1056 336 1123 366,
361 1056 390 1114 5.
421 1047 488 1112 οότε
515 1061 576 1125 irtio
606 1047 784 1128 ἐμβαλόντος
811 1059 856 1136 spi
882 1049 989 1135 στόλῳ]
1024 1057 1159 1114 lncertum
1259 1047 1260 1052 ἵ

194 1150 286 1196 utrum
309 1139 458 1216 Καίσαρος
480 1157 513 1196 an
530 1131 665 1214 'Agaiioi;
688 1141 737 1196 sed
751 1141 912 1198 Plutarchus
934 1141 1109 1235 scrupulum
1109 1142 1160 1198 tol·

193 1225 253 1280 lit'
247 1241 275 1280 m
298 1229 351 1282 vita
375 1225 510 1321 Caesaris,
533 1228 574 1282 his
599 1224 702 1284 verbis:
731 1213 869 1297 δεύτερον
891 1219 924 1282 δὲ
945 1215 1159 1320 περικοπτόμε-

194 1324 245 1376 νος
267 1297 321 1366 τόν
343 1305 464 1383 στόλον,
492 1297 672 1385 ἠναγκάσθη
699 1303 748 1365 6ιά
770 1298 864 1385 πυρός
894 1299 1076 1366 αιτοόσασθαι
1105 1297 1158 1366 τόν
1259 1367 1260 1378 ,

171 1401 174 1405 ’
194 1388 346 1453 κίνδυνον.
391 1396 436 1450 W.
1259 1385 1260 1396 ἐ

259 1479 332 1552 367,
356 1481 383 1537 9.
417 1474 468 1535 καὶ
496 1499 553 1554 γαρ
579 1473 616 1536 σό
643 1496 692 1555 μοι
720 1467 895 1552 ἐφθόνησας
922 1474 1156 1558 chacennaium]

195 1562 333 1638 Plerique,
352 1567 389 1620 ait
403 1563 531 1637 Wolfius,
551 1567 776 1640 interpretantur,
802 1566 845 1624 Τα
859 1565 929 1621 mihi
941 1567 1064 1622 salutem
1082 1571 1161 1621 tuom
1258 1567 1260 1582 ¹

194 1650 328 1704 invidisti.
374 1649 426 1704 Sed
450 1667 511 1706 cum
534 1649 694 1707 Plutarchus
716 1648 815 1705 scribat
839 1649 983 1714 obscurum
1006 1649 1091 1704 luisse
1113 1665 1161 1704 cur

195 1731 292 1788 Caesar
314 1731 422 1789 Catonis
449 1735 591 1790 interitum
619 1735 754 1804 doluerit,
782 1743 810 1789 et
836 1727 1010 1807 ἐφθόνησός
1036 1749 1087 1805 μοι
1110 1730 1161 1804 τῆς
1259 1783 1260 1788 ,

145 1817 178 1865 20
196 1811 357 1889 σωτηρίας,
386 1819 466 1872 etiarn
495 1819 611 1892 intelligi
635 1820 738 1892 possit,
767 1817 895 1875 Catonem
923 1836 979 1876 uon
1001 1818 1160 1892 dignitatem
1259 1855 1260 1892 3

196 1908 312 1970 tantum,
335 1900 383 1956 sed
404 1901 518 1958 salutem
540 1904 619 1958 etiam
642 1901 762 1958 Caesaris
778 1920 951 1976 oppugnasse
973 1902 1161 1975 (nequeenim
1258 1951 1260 1968 2

196 1983 319 2055 additur,
346 1981 398 2058 τῆς
419 1983 564 2060 σωτηρίας
586 1999 655 2056 σον,
683 1995 710 2042 et
732 1980 863 2059 ἐμαυτοῦ
884 2004 969 2060 aeque
992 1985 1161 2060 subintelligi

195 2076 300 2142 potest,
324 2085 359 2124 ne
381 2071 514 2125 sententia
537 2070 645 2144 quidem
667 2073 847 2146 repugnante)
871 2071 968 2141 malui,
990 2069 1083 2126 subdit
1106 2069 1159 2141 ille,

196 2153 355 2226 particulam
387 2156 490 2222 (tuom)
521 2157 662 2226 omittere,
694 2163 724 2210 ut
750 2157 778 2212 in
804 2154 899 2212 Latino
926 2157 1006 2210 etiam
1034 2170 1160 2210 sermone
1258 2175 1260 2222 i

195 2236 318 2311 ambigua
342 2245 414 2294 esset
436 2241 582 2310 sententia,
604 2248 696 2296 utrum
718 2238 814 2296 Caesar
828 2239 986 2296 clementiae
1007 2239 1114 2294 laudern
1130 2253 1160 2293 cx

195 2325 402 2379 conservatione
425 2323 532 2380 Catonis
555 2333 679 2398 captare,
703 2342 737 2380 an
758 2341 824 2380 vero
848 2341 923 2380 suam
946 2325 974 2380 in
996 2339 1029 2378 eo
1052 2321 1159 2396 explere

194 2406 357 2462 iracundiam
380 2408 513 2481 voluerit,
536 2411 559 2464 si
581 2425 642 2464 eum
664 2411 692 2464 in
714 2416 877 2482 potestatem
898 2409 1060 2504 redegisset.

259 2490 339 2563 369,
364 2492 412 2548 11.
445 2485 494 2547 καὶ
516 2483 624 2548 τούτου
646 2488 692 2560 δὶς
714 2487 871 2568 γεγονότος
892 2480 911 2563 ἡ
935 2492 1025 2564 στεῖρα
1048 2485 1160 2566 ἐξηλέγ-

195 2569 274 2650 χειν]
307 2575 433 2632 Converti
453 2577 501 2633 lto
523 2579 566 2634 bis
585 2581 688 2649 popuii
716 2583 826 2635 animos
850 2585 991 2649 expertus
1015 2581 1157 2634 surrexit.

196 2659 249 2715 Sed
272 2652 304 2714 τὸ
328 2677 384 2732 την
406 2661 513 2730 πεῖραν
535 2653 735 2736 ἐξελέγχεσθαι
763 2661 881 2735 intelligi
905 2669 1011 2734 potest,
1043 2661 1084 2716 vel
1104 2663 1160 2716 ani·

195 2742 365 2800 madversunr
380 2761 440 2802 esse
455 2746 593 2802 Caesarem
608 2746 754 2820 periclitari
769 2746 887 2806 voluisse
904 2744 1047 2819 populum,
1070 2753 1160 2801 utrum

196 2827 290 2898 aequis
312 2829 407 2884 animis
429 2831 534 2904 regium
558 2839 685 2888 ornatum
706 2831 812 2886 laturus
835 2837 922 2886 esset:
946 2829 997 2899 rel,
1021 2828 1159 2886 Caesarem

197 2910 429 2986 animadvertisse,
452 2923 579 2970 conatum
601 2931 681 2970 suum
703 2931 763 2970 esse
782 2915 899 2984 irritum,
921 2912 1024 2988 populo
1047 2912 1159 2988 allegia
1259 2987 1260 2998 γ

195 3011 294 3068 pompa
316 2995 487 3054 abhorrente.
532 2999 577 3056 W.

260 3079 339 3150 372,
364 3081 414 3138 10.
443 3071 499 3154 τὴν
519 3071 612 3158 τόχην
634 3072 729 3140 αὐτοῦ
750 3069 895 3158 ὀμνύναι]
926 3083 986 3138 Por
1008 3083 1160 3155 fortunam

196 3161 330 3237 Caesaris,
352 3165 469 3223 Wollius
492 3171 587 3226 vertit:
610 3169 706 3224 melius
729 3169 801 3224 iorte
822 3171 1026 3242 pergenium,
1050 3167 1084 3222 de
1107 3183 1159 3240 qua
1258 3185 1260 3194 ’

197 3247 311 3304 lormula
334 3250 517 3308 consulendus
540 3270 605 3327 prae
627 3254 725 3310 ceteris
747 3253 786 3310 lo.
802 3253 877 3327 bapt.
895 3251 1045 3308 llansenius
1068 3253 1097 3307 in
1112 3251 1158 3307 lib.
1259 3245 1260 3254 ’

196 3332 230 3388 de
252 3331 427 3390 iureiurando
450 3350 514 3429 cap.
535 3337 584 3397 15.

261 3417 332 3491 375,
359 3417 408 3475 28.
437 3437 519 3494 παρα
540 3417 595 3476 τοῦ
612 3409 685 3488 Διος
706 3414 932 3497 μαστιζόμενον]
967 3420 1011 3476 Sic
1026 3437 1090 3477 msa.
1115 3379 1160 3476 ubi
1258 3419 1260 3482 l

196 3501 326 3559 Wolflus:
351 3502 506 3560 Suetonius
526 3521 649 3576 puerum
667 3507 748 3580 facie
768 3508 886 3564 liberali
904 3509 1056 3564 ἀσινέστατα
1078 3507 1160 3562 coelo
