2532 3844
189 218 257 270 OOC
556 215 773 269 ADVOL.1v.

188 373 218 413 τε
241 349 292 412 καί
315 345 436 424 άκτίοος
458 343 619 496 άφηγεῐται
640 344 754 424 πόλεις
777 348 912 428 πολέμων
933 347 965 410 δὲ
980 372 1031 410 και
1022 330 1153 428 ἐμπλο-

188 430 243 511 κάς
264 434 316 497 καὶ
338 439 571 516 ναυμαχιῶν,ο
573 429 601 510 ἷς
623 429 778 536 ἀξιόλογόν
800 433 901 496 τεκαὶ
923 433 1037 540 πρέπον
1058 456 1152 535 παρα-

189 523 322 600 δοθήναι
342 524 446 629 γραφή
469 519 622 602 διεγένετο,
646 515 787 582 κάλλιστα
808 518 959 620 με’τεισιν,
969 515 1006 582 οδ
1029 517 1082 593 τὰς
1103 515 1154 580 τά·

189 609 248 683 ξεις
269 601 364 707 μόνον
387 604 429 680 οδς
450 605 637 686 ἑκατέρωθεν
658 601 859 686 παρετάξαντο
874 597 990 683 μετιιδν,
1012 599 1088 668 ἄλλά
1102 601 1155 664 καὶ

187 685 286 753 ὁπόσα
306 685 365 770 πρδ
393 693 445 791 τῆς
468 689 675 798 συγκρούσεως
702 690 753 752 καὶ
780 693 834 752 τοῦ
862 689 951 771 ἔργον
978 689 1156 772 συμβέβηκε

189 776 302 858 διαιρεῖ
320 769 406 838 δὲ
364 799 429 880 την
451 779 512 878 της
525 774 598 882 ὅλης
619 770 713 840 αὐτου
700 777 938 856 μεταγείρησιν
952 775 1157 876 πραγματείας

188 861 232 936 εἴς
254 883 283 923 τε
304 855 341 922 τά
364 853 523 939 Ἰουδαϊκὰ,
545 860 583 925 τά
609 866 662 940 τῆς
685 863 836 962 Περσικῆς
864 859 915 922 καί
943 883 1002 921 των
1029 859 1156 939 Μήδων
1263 919 1265 930 A

187 937 355 1046 ἡγεμονίας,
378 944 478 1008 καί”
454 973 495 1022 ως
508 969 542 1028 γε
556 943 744 1051 προεχώρησε
765 937 802 1006 τά
819 955 874 1009 τοῦ
893 939 1094 1054 Ἀλεξάνδρου
1101 944 1155 1005 καί

189 1026 380 1094 Μακεδόνων
402 1031 452 1093 καί
475 1025 589 1094 εἷλε
555 1055 612 1134 την
633 1055 694 1095 των
717 1032 843 1113 Περσῶν
864 1023 975 1111 άρχήν,
998 1030 1049 1092 καί
1073 1053 1113 1103 ως
1134 1052 1156 1107 η

180 1109 334 1222 Ρωμαίων
355 1111 562 1179 ἐπιστασία
535 1141 568 1180 το
589 1121 757 1180 τελευταῖον
784 1116 825 1190 είς
851 1116 1016 1222 μοναρχίαν
1044 1107 1150 1192 άνελη·

187 1199 271 1265 δάκει
296 1191 349 1305 ής
369 1195 490 1286 άρχεται
511 1202 567 1282 μὲν
589 1201 620 1280 ἐξ
637 1192 732 1280 Ἀδδιμ
754 1199 806 1261 καί
827 1203 881 1279 τῆς
901 1198 1019 1303 πράτης
1040 1222 1092 1262 του
1079 1197 1153 1299 γί-

188 1309 260 1362 νους
286 1280 373 1367 ήμῶν
402 1289 535 1395 διαρτίμς
566 1286 670 1350 τεκαὶ
693 1283 882 1388 σομπήξεως,
911 1283 1024 1348 κάτεισι
1048 1283 1080 1348 δὲ
1103 1276 1155 1346 δεδι

189 1375 250 1434 τῶν
274 1371 308 1436 ἐν
313 1373 425 1472 μέσῳ,
455 1371 506 1434 και
529 1373 557 1448 ἐς
576 1371 707 1449 Ἀίίξιον
728 1365 889 1474 καταλήγει
917 1363 970 1432 τὸν
991 1361 1156 1471 Κομνηνδν

188 1450 224 1519 τά
246 1446 321 1518 καθ’
347 1434 456 1520 ἕκάστα
478 1454 673 1559 διερχόμενος.
705 1477 741 1518 ου
730 1451 861 1536 ’έβασιλ
861 1479 902 1517 ων
926 1454 958 1518 δὲ
972 1453 1066 1534 μόνον
1080 1447 1154 1515 οὐδὲ

189 1567 249 1605 των
275 1542 374 1615 άλλως
404 1537 585 1620 τυραννικὰς
612 1539 761 1639 ἑλομένων
773 1544 803 1624 *)
835 1536 955 1647 πράξεις
988 1537 1052 1603 ἐκεί
1038 1543 1157 1618 ίθησιν,

190 1620 265 1688 άίλά
286 1626 338 1728 μαί
360 1624 544 1730 άρχιθντιδν
556 1630 669 1711 ἱστορεῖ
686 1649 756 1700 τους
779 1621 897 1688 καθἰ“
879 1645 986 1686 εκαστα
1008 1626 1058 1688 καί
1080 1619 1157 1687 κατά

190 1706 312 1812 καιροδς
334 1710 382 1773 ἐπὶ
411 1715 472 1774 τῶν
494 1708 607 1776 οἰάκων
636 1713 688 1791 τής
716 1712 803 1816 ἱεράς
824 1705 974 1814 άναβήναι
1004 1710 1157 1816 καθέδρας

188 1788 386 1872 ἀξιωθέντας
412 1791 457 1860 ων
479 1797 529 1859 καὶ
552 1798 632 1860 εἷ’
602 1821 630 1858 τι
644 1818 704 1865 που
724 1792 806 1903 παρά
820 1790 876 1875 τήν
897 1819 959 1858 των
978 1791 1080 1875 νόμων
1094 1790 1155 1869 dg!-

191 1899 263 1944 ωσιν
284 1877 529 1991 δξεδιαιτήθη,
510 1884 607 1957 καλως
628 1904 725 1944 ποιων
747 1876 818 1944 οὐδὲ
839 1883 926 1944 τοῦτο
947 1883 1080 1960 παρίησι.

255 1965 362 2028 Πάντα
392 1989 450 2030 ουν
472 1976 565 2031 ταῦτα
593 1969 630 2072 τῇ
656 1965 838 2052 προκειμένη
864 1968 958 2050 βίβλῳ
986 1962 1158 2038 σπουδάσας

190 2049 238 2113 ίυτ
240 2049 332 2132 ἕταχε,
354 2048 429 2134 πρδς
451 2055 511 2114 τῶν
533 2047 608 2115 κατά
629 2053 716 2155 μέρος
731 2029 990 2162 συγγραψαμίνφν
1011 2043 1155 2152 άπολεξά-

190 2159 279 2216 μενος
302 2136 419 2202 ἕκαστα.
464 2135 497 2200 ἐκ
523 2137 579 2218 μὲν
607 2131 665 2240 γάρ
687 2135 842 2210 Μωυσέως
872 2136 924 2198 και
948 2131 1092 2217 Ἰωσήπου
1119 2128 1156 2196 τά
1263 2185 1265 2190 ,

189 2245 251 2283 των
270 2218 440 2302 Ἰουδαίων,
463 2221 492 2300 ἕξ
510 2220 676 2304 Ηροδότον
698 2214 785 2283 δὲ
752 2247 788 2284 τα
809 2245 868 2284 των
890 2223 1029 2324 Περσων,
1051 2221 1104 2282 καί
1124 2218 1157 2296 ἐξ
1263 2217 1265 2312 j

188 2299 287 2368 άλλων
309 2307 386 2372 άίλα
381 2315 627 2455 ίσννεφορεῖτο,
644 2307 697 2370 καί
717 2309 789 2386 μίαν
818 2305 851 2369 ἐκ
874 2303 1029 2388 διαφόρων
1053 2302 1265 2369 cvm-1

188 2415 276 2502 ταγεν
299 2395 429 2474 ἱστορίας
450 2396 570 2474 βίβλον,
594 2388 630 2456 τά
652 2388 803 2495 κράειστα
813 2380 970 2477 ᾑρημένος.
1015 2389 1158 2492 καθάπερ
1263 2421 1265 2464 7

189 2471 247 2540 οὖν
272 2479 306 2540 οί
330 2475 508 2579 ζωγράφοι
510 2479 562 2541 καί
585 2468 673 2554 οὗτος
700 2481 759 2539 τῶν
785 2453 1098 2581 άναγεγρμμμένων’
1081 2497 1157 2538 απο-

192 2558 291 2644 ίαβοδν
313 2555 348 2624 τά
370 2567 412 2648 τῷ
439 2566 496 2649 βίην
523 2566 667 2642 λυσιτελῆ
687 2556 923 2644 συνεκίρασεν’
909 2557 1013 2644 άριστα
1042 2584 1095 2623 και
1084 2559 1157 2621 εί-

191 2646 269 2710 κόνα
298 2625 495 2712 παντοδαποῦ
521 2672 551 2712 τε
579 2648 656 2726 ζάου
683 2647 734 2710 καί
762 2645 958 2752 ποίνμορφον
988 2643 1159 2726 καθαπερεί

191 2729 387 2812 συνεστήσατο
415 2735 475 2835 τφδ
490 2731 523 2794 ἐν
527 2731 646 2840 κόσμφ
668 2726 805 2814 βίου,“
784 2758 823 2808 ως
845 2725 884 2795 διν
912 2733 1007 2814 ἔχοιεν
1035 2730 1160 2804 ἕκαστος

188 2814 314 2896 άφοράν
337 2819 379 2892 είς
401 2811 497 2896 αὐτὴν
518 2811 675 2881 άπευθάνε
676 2824 764 2898 σθαι,
785 2817 836 2880 καί
858 2841 892 2882 το
882 2811 968 2900 μὲν
990 2815 1160 2879 σπουδαῖον

189 2903 343 3001 αἱρεῖσθαι
369 2908 469 2982 φιλεῖν
496 2902 548 2965 και
571 2895 621 2965 διά
648 2901 798 2984 μιμήσεως
825 2905 998 3012 κατορθοῦν
1026 2895 1158 2963 σπουδά-

190 2979 304 3060 ζειν
272 3011 309 3048 τα
330 2981 598 3070 ἐπαινούμενα,
570 3012 605 3054 το
618 2988 650 3051 δὲ
665 2990 784 3110 φαῦλον
804 2995 902 3067 μισειν
924 2986 975 3050 και
999 2980 1160 3069 ἕκτροπιά·

193 3075 306 3146 ξεοθαι.

255 3159 396 3232 Τοιουτος
423 3157 479 3238 μὲν
506 3156 522 3221 δ
547 3160 600 3239 τῆς
622 3158 752 3264 ἱστορίας
780 3150 903 3237 σκοπὸς,
934 3156 986 3219 καὶ
1015 3152 1065 3218 δεδι
1088 3152 1153 3218 τάδε

190 3237 377 3323 συγγράφειν
399 3267 450 3306 και
442 3239 641 3325 ἱστορεῖν
608 3268 645 3308 τα
658 3241 841 3348 γεγενημένα
854 3244 1014 3325 προείλετο.
1046 3233 1083 3302 οδ
1098 3235 1153 3322 γάρ

191 3320 276 3407 οίμαί
295 3350 362 3389 τινα
386 3323 428 3390 δι’
453 3327 556 3412 ἓτέραν
577 3321 718 3392 αἰτίαν
698 3323 788 3410 ητήν
807 3320 874 3410 οὐχί
889 3329 999 3416 ῥαδίως
1021 3345 1149 3411 ευρισκο

258 3513 286 3582 *)
306 3507 412 3566 adde’
395 3508 500 3582 αρχάς,
524 3517 579 3568 nisi
597 3516 775 3582 τυραννίδας
792 3516 946 3586 legendum.
