2548 3850
139 205 180 270 38
481 203 765 258 ANNOTATIONES

140 347 173 402 ad
195 346 301 403 Gallum
323 345 479 416 Caesarem,
508 351 595 418 agunt
616 346 770 400 Ammianus
799 343 844 400 lib.
868 343 916 400 14.
956 343 1110 400 Philostor·

139 433 202 504 gius
225 430 254 500 3,
278 430 329 489 28.
357 430 389 500 4,
413 430 429 486 1
454 439 481 486 et
504 429 548 486 alii
570 431 728 504 scriptores.

203 548 282 621 202,
305 547 333 606 2.
363 535 510 621 Εὐσέβιος
537 541 595 620 τὴν
617 544 672 602 τοῦ
698 543 895 620 πραιποσίτοω
919 539 1029 601 διέπων
1051 536 1105 618 ἆρ-

138 626 208 710 χὴν]
239 632 348 690 Eusebii
369 631 506 704 Eunuchi,
530 633 577 705 qui
599 631 650 688 sub
673 631 832 688 Constantio
855 631 1031 706 Praepositus
1054 631 1107 688 luit

138 719 206 774 sacri
228 717 359 789 cubiculi,
382 717 470 773 caedis
487 716 553 772 Galli
570 715 690 772 Caesaris
706 717 819 790 autoris,
842 717 1023 772 meminerunt
1044 732 1107 790 pas·

137 805 188 858 sim
215 804 378 876 scriptores,
407 803 562 857 Ammianus
590 800 757 858 Marcellinus
786 801 806 856 1.
832 798 880 856 14.
906 797 955 856 15.
983 800 1030 858 16.
1055 798 1105 862 18.

138 887 305 943 Sozomenus
329 886 359 957 2,
383 887 412 944 1.
436 884 467 956 5,
490 883 520 943 5.
564 885 767 958 Philostorgius
791 883 822 958 4,
848 884 875 940 1.
921 883 1054 940 Palladius
1077 886 1106 940 in

139 971 205 1027 hist.
217 969 417 1042 Lausiaca,S.
440 971 602 1026 Athanasius
624 971 657 1026 ad
672 969 782 1025 Solitar
805 970 888 1024 vitam
909 975 1001 1043 agent.
1024 968 1105 1024 lulia-

139 1071 206 1124 nus,
230 1054 372 1126 libanius,
396 1062 449 1111 etc
493 1055 613 1129 Dignitas
636 1071 700 1110 vero
723 1052 874 1128 Praepositi
897 1053 965 1110 sacri
989 1052 1106 1110 cubiculi

138 1139 272 1212 spectavit
294 1138 351 1194 fere
373 1154 481 1233 semper
503 1138 660 1209 Eunuchos,
683 1139 723 1194 uti
747 1138 797 1194 luit
820 1136 963 1210 Eusebius,
987 1139 1033 1212 qui
1056 1137 1106 1193 Zo-

139 1239 219 1280 narae
246 1223 314 1278 inira
343 1213 503 1320 πρωτεύων
533 1220 593 1279 των
619 1219 785 1297 βασιλικῶν
812 1211 964 1296 εὐνούχων
991 1222 1105 1278 elicitur:

138 1309 175 1362 ita
198 1306 344 1363 Rhodanus
364 1296 588 1381 Ἀρχιεανοῦχος
610 1307 793 1403 appellatur
786 1324 814 1363 m
836 1306 970 1363 Chronico
993 1306 1106 1362 Alexan·

138 1391 217 1448 drino
244 1409 272 1491 p.
297 1391 359 1450 700
387 1387 437 1448 καὶ
465 1383 517 1449 τόν
539 1404 741 1464 πραιπασιτον
768 1388 821 1447 τοῦ
844 1387 988 1447 παλατίου
1010 1377 1106 1446 αὐτοῦ

132 1462 308 1531 Ῥοδανόν’
282 1463 434 1571 cvlpae,
457 1465 554 1552 ἄνδρα
577 1470 708 1533 δυνατὸν
731 1471 780 1533 καὶ
802 1470 942 1550 εὔπορον,
966 1493 1016 1530 και
1007 1467 1107 1531 deor·

136 1557 250 1617 αοῦντα
262 1578 294 1617 το
282 1548 498 1632 παλάτιον,“
477 1582 518 1631 ως
529 1577 649 1636 πρωτον
660 1551 732 1618 ὅντα
744 1547 982 1636 Ἀρχιεννοῦχον
1010 1561 1105 1616 Prae·

135 1650 260 1718 positum
271 1647 400 1704 Palatii
388 1652 479 1720 apcius
496 1648 674 1718 Rhodanum,
686 1651 777 1704 cirum
784 1654 931 1717 potentem
943 1653 971 1702 et
981 1647 1105 1716 divitem,

137 1748 186 1803 qut
183 1732 345 1787 Palatium
361 1735 489 1805 repebat,
506 1739 533 1788 et
544 1733 690 1804 Princeps
701 1738 766 1787 erat
779 1732 996 1789 Eunuchorum.
1025 1728 1106 1785 Prae·

136 1822 179 1870 ter
194 1812 340 1870 Eusebium
362 1815 412 1871 sub
428 1815 598 1889 Constantio,
623 1825 650 1872 et
665 1815 824 1872 Rhodanum
840 1815 890 1871 sub
907 1815 1103 1884 Valentiniano,

135 1899 283 1974 praepositi
310 1899 354 1966 alii
382 1908 581 1972 memorantur,
611 1899 733 1956 Urbicius
756 1908 784 1956 et
809 1899 932 1956 Liberius
960 1899 1010 1955 sub
1034 1896 1106 1953 Con·

135 1982 255 2038 stantino
278 1981 311 2041 11.
333 1983 405 2056 apud
427 1983 557 2040 Godiuum
580 1984 613 2040 de
637 1985 708 2058 orig.
732 1983 878 2040 Eutherius
901 1983 952 2040 sub
973 1982 1106 2039 Constan-

135 2068 174 2122 tio
203 2065 274 2140 apud
298 2069 465 2123 Ammianum
493 2067 539 2124 lib.
564 2069 602 2126 16
626 2078 654 2124 et
677 2068 726 2127 20.
772 2069 939 2138 Antiochus,
962 2067 1103 2123 Amantius

136 2160 163 2206 ct
186 2149 382 2225 Chrysaphius,
411 2152 463 2208 sub
486 2153 640 2210 Theodosio
662 2155 784 2223 iuniore,
814 2153 885 2228 apud
907 2153 1053 2221 Zonaram,
1077 2158 1105 2206 et

136 2235 207 2309 apud
230 2235 365 2292 Victorem
386 2237 592 2309 'sedunensem
616 2245 643 2294 et
666 2236 833 2310 Macrobius,
863 2239 890 2293 iu
913 2237 942 2296 L.
967 2253 1011 2292 un.
1035 2233 1104 2291 God.

136 2320 186 2376 'lh
210 2319 243 2376 de
265 2320 392 2396 Praepos.
417 2323 485 2380 sacri
508 2321 598 2379 Cubic.
620 2323 760 2380 Heraclius
782 2321 832 2378 sub
855 2321 1040 2378 Valentiniano
1063 2320 1105 2375 iu·

136 2406 229 2476 niore,
258 2405 328 2480 apud
352 2405 466 2463 eundem
491 2407 641 2479 Victorem,
671 2407 827 2482 Calligouus
857 2405 907 2463 sub
931 2405 1027 2462 eodem
1050 2405 1104 2458 Au-

137 2498 237 2562 gusto,
264 2489 334 2563 apud
357 2491 383 2546 S.
407 2490 531 2550 Ambros,
555 2491 602 2565 Ep.
627 2491 676 2549 33.
719 2492 857 2548 Amantius
887 2490 938 2546 sub
961 2489 1104 2546 Anastasio

135 2573 231 2629 [licoro
254 2583 282 2629 et
297 2573 409 2639 lustino,
433 2575 504 2648 apud
525 2575 709 2632 Marcellinum
730 2575 875 2639 Comitem.
899 2576 1104 2644 Tuuunensem,

137 2665 259 2713 autorem
280 2657 406 2715 Chronici
422 2659 605 2734 Alexandrini,
629 2668 681 2720 etc.
716 2659 863 2734 Eutropius
881 2660 932 2716 sub
948 2657 1104 2714 Theodosio

136 2739 170 2797 ll.
192 2742 219 2796 iu
248 2742 266 2797 l.
291 2743 338 2798 17.
374 2743 439 2802 (lod.
462 2743 513 2804 Th.
543 2743 576 2801 dc
598 2744 712 2814 Poenis,
746 2743 818 2817 apud
841 2743 982 2802 Socratem
1011 2741 1058 2798 lib.
1086 2741 1104 2799 6

136 2841 197 2898 cap.
215 2824 234 2881 5
258 2834 286 2882 et
308 2825 385 2882 alios.
430 2826 463 2883 Et
485 2826 677 2902 Chrysoretus,
700 2829 728 2884 iu
743 2827 879 2902 Synodico
904 2828 1032 2885 adversus
1050 2836 1106 2882 tra·

87 2915 121 2964 34
139 2909 261 2982 goediam
285 2910 386 2967 lreuaei
401 2927 459 2986 cap.
476 2911 547 2970 203.
589 2913 642 2970 Sed
657 2913 691 2970 de
706 2913 856 2987 Praepositi
871 2912 1003 2986 dignitate
1019 2909 1105 2967 multa

137 2993 278 3068 congessit
292 2993 402 3051 lacobus
418 2995 604 3055 Gotholredus
620 2998 652 3054 ad
668 3000 710 3054 tit.
734 2995 838 3054 Codicis
854 2995 958 3054 Theod.
977 2996 1010 3052 de
1025 2994 1105 3051 Prae·

136 3079 234 3152 positis
257 3079 326 3134 sacri
349 3080 436 3138 cubic.

202 3212 274 3284 203,
301 3213 351 3272 17.
381 3202 534 3316 Eioedc'pu]
558 3217 617 3274 lluc
639 3224 762 3291 spectant
785 3233 854 3290 quae
870 3215 952 3273 habet
968 3214 1111 3289 Eunapius

139 3299 167 3354 in
189 3254 318 3358 Maximo:
346 3293 398 3354 καὶ
420 3273 610 3369 ωιλωθέντος
636 3299 689 3357 τοῦ
697 3294 823 3402 γένους
853 3298 1036 3377 (Constantini
1065 3294 1109 3375 11.)

131 3374 299 3452 Ἰουλιανὸς
321 3381 516 3459 περιελείφθη
538 3377 641 3484 μόνος,
664 3371 705 3441 δι’
722 3377 846 3481 ἡλικίαν
860 3375 1111 3480 περιφρονηθεὶς,

136 3460 188 3523 ταὶ
211 3458 377 3543 πραότητα
401 3460 540 3546 εννοῦχοι
562 3459 633 3528 δὲ“
617 3487 695 3545 ομως
717 3459 810 3528 αὐτὸν
824 3459 1036 3546 αμφεπόλενον
1049 3465 1104 3545 βα·
