2550 3854
499 270 548 320 AD
567 270 648 323 VOL.
666 272 714 325 tv.
1023 268 1085 331 129

117 411 249 467 vincentii
277 419 305 467 et
334 410 530 485 Protospatba,
560 410 667 468 demum
696 411 800 468 scilicet
828 411 914 468 iterim
941 411 1081 485 ingressos

71 521 74 526 ·
117 495 233 552 Graecos
256 503 321 571 post
349 512 487 552 excessum
511 495 655 568 Ludovici,
685 503 716 551 ut
733 515 758 571 ιει
781 495 935 568 Saracenis,
964 512 1080 568 quorum

117 583 188 636 vires
212 580 334 653 qnotidie
356 579 563 648 invalescebant,
587 594 648 637 sese
671 587 833 636 tutarentur.
870 578 1080 652 Erehempertus

32 680 35 684 ·
114 681 174 737 cap.
199 663 246 721 29*
262 674 290 720 et
312 665 465 721 chronicon
488 664 515 720 S.
539 664 684 721 Vincentii:
706 666 762 723 loe
778 666 927 721 audientes
941 667 992 738 qui
1005 663 1083 720 Bari
1137 718 1140 726 ,

117 751 292 822 residebant,
316 751 485 825 Greqorium
500 751 637 806 Baiulum
655 749 867 822 Imperatorem
892 749 1082 826 Graecorum,

117 837 168 906 qui
182 841 250 890 tunc
265 837 294 890 in
312 833 438 891 Ydronto
453 836 582 908 deqebut,
598 850 661 890 cum
677 837 772 890 multis
787 834 964 890 enercitibus
980 833 1013 890 ob
1030 833 1084 889 Sa-

116 933 292 976 racenorum
308 924 410 975 metum
423 919 524 974 Barim
539 921 782 976 introduxerunt:
798 923 850 990 qm·
863 921 958 974 statim
975 934 1098 989 appre-

117 1004 236 1059 hensam
259 1003 456 1075 Castaldeum,
483 1005 617 1076 illiusque
640 1007 785 1074 primores
810 1001 1083 1074 Constantinopolim

117 1091 206 1157 misit,
230 1090 333 1162 quibus
354 1089 542 1145 iureiurando
556 1089 641 1160 fidem
657 1089 787 1145 dederat.
833 1085 910 1155 Quod
932 1088 960 1143 in
983 1103 1083 1142 annum

116 1170 190 1228 875.
221 1170 315 1228 ind.8
345 1174 471 1229 reiiciunt
497 1171 677 1244 Protospatha
705 1179 733 1229 et
761 1173 918 1246 Anonymus
946 1172 1083 1242 barensis,

117 1254 232 1329 proinde
254 1264 319 1329 post
340 1273 480 1313 excessum
502 1255 647 1330 Ludovici,
671 1258 718 1330 qul
739 1254 878 1313 Ravennae
901 1257 970 1314 diem
994 1265 1084 1314 extre·

117 1356 191 1395 mum
213 1340 310 1396 clausit
334 1341 372 1398 13
397 1343 513 1416 Augusti
535 1357 605 1398 anno
629 1341 700 1398 874.
732 1339 810 1408 Quod
833 1341 866 1396 de
889 1341 999 1396 Soldani
1014 1343 1082 1414 risu,

115 1433 147 1480 et
169 1433 200 1479 ut
216 1441 230 1479 a
246 1424 376 1498 Capuanis
399 1435 427 1482 et
449 1427 657 1498 Beneventanis,
681 1424 833 1482 libertatern
856 1425 970 1499 adeptus
990 1425 1082 1494 inerit,

119 1509 172 1565 hoc
194 1508 257 1565 loco
280 1507 362 1566 tradit
383 1510 510 1582 Zonaras,
533 1508 787 1584 Porphyrogenitus
810 1509 912 1584 pariter
935 1520 962 1566 et
985 1508 1084 1565 Cedre-

118 1609 170 1648 nus
193 1603 414 1650 conrnrcmorant.
460 1597 493 1650 At
517 1593 590 1666 quod
612 1594 715 1650 addunt
737 1593 875 1650 Ludovico
902 1612 916 1649 a
940 1595 1083 1650 venatione

117 1679 264 1733 revertenti
287 1679 489 1735 beneventanos
518 1687 611 1752 portas
634 1679 797 1747 occlusisse,
825 1695 879 1734 non
902 1679 1012 1734 omnino
1035 1677 1084 1732 Er-

115 1763 268 1835 chemperti
292 1765 438 1819 narrationi
461 1764 601 1820 convenit:
623 1764 662 1819 ita
684 1764 755 1818 eninr
777 1761 823 1818 ille
845 1780 903 1836 cap.
927 1761 977 1819 34.
1014 1763 1081 1832 Qui·

117 1847 171 1904 bus
191 1851 232 1902 ita
249 1851 378 1918 patratis
398 1847 486 1922 (capta
508 1847 611 1904 scilicet
632 1847 717 1922 Rari),
741 1849 840 1904 uidens
854 1847 994 1904 Diabolus
1014 1863 1084 1905 snos

115 1934 269 2001 eliminari,
289 1930 458 2006 Christoque
469 1936 604 1989 uniuersa
619 1935 796 2004 restaurari,
812 1939 839 1989 et
851 1933 956 1990 damna
971 1933 1085 2006 inferni

115 2018 233 2087 dolens,
255 2032 306 2072 suo
327 2020 464 2074 instinctu
486 2025 645 2090 coeperunt
661 2019 737 2075 Galli
755 2021 885 2091 praviter
901 2017 1083 2074 Beneuenta·

118 2117 172 2156 nos
196 2103 336 2174 persequi
355 2119 392 2159 ne
419 2104 576 2159 crudeliter
597 2119 715 2160 venere.
754 2099 818 2168 Qun
839 2103 875 2158 ale
896 2118 928 2158 re
950 2107 977 2158 et
998 2103 1083 2159 Adel-

114 2189 196 2259 qisus
210 2185 354 2258 Princeps
370 2183 592 2261 (Beneventanus)
617 2187 758 2244 aduersus
772 2187 964 2258 Lndoquieum
986 2187 1083 2260 Anqu-

116 2275 193 2326 stum
216 2277 331 2326 erectus
352 2289 416 2328 eum
435 2275 496 2328 suis
518 2272 678 2327 Beneuenti
696 2270 778 2342 infra
798 2275 910 2327 moenia
925 2272 1084 2342 deqentem,

117 2371 156 2410 ac
182 2369 286 2411 secure
311 2360 504 2428 quiescentem
530 2363 597 2412 astu
622 2357 718 2414 doloso
743 2357 954 2412 sanctissimum
980 2357 1082 2425 uirium,

116 2440 293 2495 saluatorem
309 2443 420 2497 seilicet
435 2441 662 2497 Beneuentanae
679 2437 859 2510 Provinciae,
881 2441 966 2510 cepit,
989 2446 1016 2494 et
1032 2456 1083 2496 cu-

24 2531 28 2538 “
61 2571 68 2582 ,
117 2523 218 2580 stodiis
244 2528 435 2597 mancipavit,
463 2526 594 2596 bonaque
625 2527 687 2581 eius
713 2525 869 2595 diripiens,
897 2525 1006 2579 ditatus
1031 2532 1081 2594 est,

117 2614 296 2680 cunctosque
311 2612 388 2666 uiros
399 2611 575 2666 eueraitates
586 2612 768 2681 exspoliavit,
784 2613 811 2662 et
818 2606 926 2681 fuqere
938 2610 1083 2678 compulit.

119 2691 166 2746 His
189 2693 338 2749 consimilia
361 2693 460 2749 habent
482 2693 537 2749 leo
554 2693 611 2749 Ost.
635 2694 662 2764 1,
680 2693 720 2752 38
744 2701 771 2749 ct
793 2699 888 2747 auctor
911 2690 1036 2747 Chronici
1052 2689 1082 2748 S.

119 2776 252 2832 vincentii
275 2777 307 2833 de
324 2778 457 2833 Vulturno
481 2797 508 2852 p.
529 2777 601 2849 696,
625 2778 697 2834 unde
712 2784 788 2854 patet
803 2775 968 2831 Ludovicnm
990 2785 1084 2833 custo·

118 2859 178 2914 diae
200 2861 382 2936 mancipatunt
404 2863 437 2918 ab
460 2861 603 2936 Adelgiso,
633 2879 664 2918 ex
689 2880 756 2936 qua,
779 2861 861 2932 infra
887 2862 1083 2934 quadraqinta

119 2945 181 3000 dies
200 2948 404 3004 innumerabili
419 2946 634 3003 Saracenorum
656 2950 791 3004 exercitu
811 2946 847 3002 ab
868 2943 974 3017 Africa
996 2947 1082 3003 adue-

118 3033 230 3101 niente,
259 3031 369 3087 tandem
391 3031 518 3086 dimissus
540 3041 597 3100 est,
620 3031 656 3086 ait
678 3030 732 3087 Leo
756 3030 874 3086 Ostiens.
897 3027 980 3085 Paulo
1003 3029 1084 3086 aliter

21 3113 23 3116 ’
56 3127 61 3134 ·
118 3130 176 3169 rem
198 3118 295 3172 recitet
316 3123 412 3171 auctor
428 3115 568 3170 Annaliun]
589 3117 752 3171 Francorum
768 3113 928 3170 Martensium
950 3131 992 3170 an.
1010 3113 1083 3172 871.

119 3197 276 3272 Adolqisus
290 3201 500 3273 Imperatorem
515 3201 680 3256 destitutum
696 3215 813 3257 suorum
824 3199 932 3256 uiribus
947 3214 1081 3269 cernens,

118 3283 283 3341 iamdudum
301 3293 479 3356 'conceptam
503 3288 681 3356 iniquitatem
707 3287 852 3356 parturit,
881 3291 908 3338 et
935 3300 1000 3340 cum
1023 3289 1085 3340 sais

114 3365 285 3439 fautoribus
299 3371 460 3441 Palatium,
481 3371 510 3424 in
525 3386 580 3442 qno
595 3370 761 3441 Imperator
776 3370 892 3425 meridie
907 3369 1083 3440 quiescebat,

119 3466 268 3524 oocupare
282 3458 400 3512 nititur.
444 3454 609 3525 Imperator
630 3458 757 3511 clamore
777 3457 949 3512 irruentium
972 3455 1084 3508 cecita-

118 3545 176 3607 tus,
191 3540 265 3594 tecto
280 3540 382 3609 desilit,
400 3556 484 3595 armo
501 3542 633 3611 corripit,
652 3546 679 3594 et
695 3556 759 3596 cum
772 3539 933 3610 perpaucis
949 3539 1085 3607 corporis

153 3649 277 3687 nonanes
293 3649 332 3686 π.
915 3635 931 3683 9
