2550 3854
225 193 285 258 158
561 193 841 248 Auuouaruoues

222 334 310 390 studia
337 333 521 391 commendat:
552 332 759 390 Constantinus
790 337 887 406 itaque
914 335 1193 409 Perphpropenitus·

222 426 280 476 tum
304 422 440 476 arationi*
455 426 512 476 tum
536 419 707 475 lectionibus
733 434 861 488 uacans,
892 425 978 474 totum
1004 435 1035 475 se
1060 421 1184 478 Domino

222 505 452 576 commendabat,
481 519 570 576 opere
593 508 729 560 munuum
750 507 854 559 uictum
877 507 1056 576 quaeritans.
1102 505 1185 563 Sane
1262 539 1264 560 t

220 575 275 659 τὴν
297 583 478 662 ζωγραφίαν,
500 591 531 645 id
547 595 598 658 est,
611 591 759 659 picturam
779 590 884 658 pulcre
903 591 1078 654 auersatam
1100 599 1128 645 et
1150 591 1180 658 5,
1262 579 1264 588 ¹

221 675 274 731 10:
299 672 343 729 ubi
365 672 398 728 de
421 672 538 746 quodam
555 671 708 728 lliabolino:
733 663 948 728 Constantinum
964 674 1085 746 denique
1100 675 1189 732 libris*

124 806 126 809 ,
219 759 425 815 incumbentem
445 761 486 814 ita
509 759 657 828 conuenit,
686 763 716 812 ut
738 755 842 831 scilieet
865 757 957 812 ureris
981 757 1093 813 tratrum
1115 759 1187 815 iusi·

219 843 276 898 dias
299 850 492 916 praeverteret.
536 841 605 898 Suae
628 839 736 896 demum
760 840 845 896 lactus
868 842 1021 914 potestatis,
1045 849 1074 897 et
1095 841 1128 897 ad
1149 860 1188 899 se·

219 928 327 982 unicum
349 942 457 982 reversa
472 926 577 999 lmperii
593 924 834 988 administratione.
857 924 1050 998 Philosophiae
1066 934 1094 983 et
1108 925 1183 983 Rhe·

218 1012 319 1066 toriees
341 1009 447 1082 studia,
477 1019 698 1082 caeterarumque
721 1009 840 1065 omnium
868 1018 895 1066 et
918 1011 1014 1065 artium
1044 1020 1071 1067 et
1093 1014 1186 1070 scieu-

219 1097 315 1150 tiarum
337 1093 426 1150 studia
450 1109 517 1167 pene
540 1093 679 1167 deperdita
696 1094 731 1149 ita
746 1095 915 1163 instauravit,
939 1102 968 1149 ut
992 1093 1056 1150 urbs
1071 1095 1184 1169 imperii·

217 1180 342 1252 primaria
372 1179 435 1234 viris
462 1177 592 1247 eruditis,
622 1193 692 1251 ques
721 1193 752 1233 aa
775 1180 902 1233 universo
929 1177 1044 1251 imperio
1073 1167 1182 1252 accivil,

217 1261 353 1318 abundare
368 1264 498 1337 coeperit.
530 1261 680 1330 Quinetiam
696 1263 860 1334 optimorum
881 1263 1046 1335 scriptorum
1062 1266 1089 1320 in
1105 1267 1184 1321 omni

216 1346 355 1403 doetrinae
377 1363 478 1422 genere
500 1347 660 1421 exemplaria
677 1345 795 1419 undique
816 1347 986 1420 conquisivit,
1011 1346 1129 1405 Palatina
1144 1351 1183 1405 iis

215 1432 346 1488 instructa
368 1431 542 1504 Bibliotheca,
566 1433 613 1506 qui
636 1447 691 1487 uon
714 1438 767 1486 tam
789 1432 874 1504 ipsius
897 1447 976 1504 quam
992 1430 1099 1504 publico
1116 1450 1180 1489 om-

215 1516 289 1571 nium
312 1516 373 1572 usui
396 1516 559 1572 dicerentur.
605 1517 703 1571 Verum
726 1531 787 1571 cum
809 1523 908 1571 tantam
931 1524 1041 1589 tamque
1063 1519 1183 1573 immen-

215 1618 272 1656 sam
294 1601 424 1658 librorum
447 1601 544 1657 molem
566 1601 714 1675 plerosque
735 1599 767 1656 ab
783 1616 877 1656 eorum
898 1600 1015 1657 lectione
1038 1601 1183 1658 deterrere

214 1703 295 1758 posse
324 1687 506 1755 existimaret,
534 1687 608 1759 ipse,
635 1692 666 1740 ut
692 1683 842 1759 Principem
870 1684 976 1759 docuit,
1004 1685 1177 1759 singulorum

215 1769 323 1825 utilitati
350 1769 512 1840 cousulens,
544 1777 670 1825 auctores
693 1784 787 1825 omnes
814 1770 861 1843 qui
885 1768 956 1824 idem
984 1777 1180 1843 argumentum

214 1861 409 1923 tractaverant,
440 1861 470 1908 ut
498 1855 525 1909 in
555 1869 638 1909 uuum
667 1869 766 1926 corpus
794 1855 1036 1927 compingerentur
1061 1857 1176 1924 curavit,

212 1940 325 1993 resectis
347 1937 503 2011 superlluls,
526 1954 555 1994 ac
577 1937 685 1993 selectis
707 1954 740 1993 ex
763 1953 929 2012 unoquoque
950 1939 1085 2012 scriptore
1105 1938 1179 1996 locis'

211 2023 243 2077 iis
267 2037 334 2094 quae
357 2024 473 2095 quisque
495 2021 697 2096 elegantissime
719 2030 888 2078 tractaverat.
919 2023 997 2079 'Pales
1013 2032 1078 2080 sunt
1092 2022 1178 2078 Γεω-

211 2103 345 2162 πονικών
366 2107 428 2162 libri
451 2105 552 2162 abillo
575 2105 698 2178 collecti,
724 2113 753 2162 ut
774 2105 835 2162 libri
859 2107 954 2163 titulus
977 2115 1006 2164 et
1027 2125 1178 2183 argumen-

108 2219 116 2234 =
212 2199 268 2246 tum
290 2189 416 2250 declarat.
461 2189 511 2246 Alii
539 2207 594 2247 nen
617 2191 703 2264 ipsius
731 2207 791 2246 esse
814 2191 1000 2263 Constantini,
1029 2193 1076 2248 sed
1100 2195 1177 2249 elus·

210 2275 270 2332 dem
294 2278 409 2350 Augusti
430 2277 507 2332 iussu
529 2276 723 2332 collectionem
739 2277 816 2332 istam
839 2275 935 2331 laetam
959 2279 1069 2350 volunt,
1092 2295 1176 2351 quam

118 2419 120 2430 ,
210 2362 302 2416 nescio
325 2363 368 2417 coi
391 2360 517 2434 Dionysio
539 2359 658 2416 Uticensi
680 2359 808 2416 adscribit
829 2359 955 2416 Nieolaus
978 2362 1123 2418 Guibertus
1144 2364 1173 2417 in

210 2445 368 2501 Assertione
390 2445 424 2500 de
447 2445 591 2500 llurrhinis
614 2461 639 2516 p.
664 2443 704 2500 23
726 2461 787 2500 cum
810 2444 870 2514 alii,
899 2453 931 2501 ut
952 2446 1062 2502 lacobus
1086 2445 1173 2502 Maus·

209 2543 287 2584 saeus
310 2528 343 2584 ad
366 2529 539 2585 Plutarchum
561 2529 595 2585 de
617 2527 785 2584 Plumlnibus
805 2545 832 2602 p.
851 2528 913 2586 194
935 2531 1055 2588 auctoris
1071 2547 1170 2588 nemen

209 2612 329 2686 ignorari
362 2615 471 2670 omnino
502 2613 675 2669 contendant.
722 2614 758 2668 lta
787 2607 990 2686 ἱππιατρικῶν
1023 2615 1109 2671 libros
1137 2615 1170 2670 ab

208 2696 304 2753 eodem
326 2713 387 2754 esse
409 2697 540 2754 collectos
562 2697 685 2772 plerique
707 2697 811 2754 volunt.
856 2697 908 2754 Sed
932 2709 959 2756 et
981 2699 1093 2755 Neurus
1116 2699 1171 2755 lle·

158 2780 283 2837 sonticus
306 2783 332 2838 in
355 2781 416 2838 libri
439 2783 472 2838 de
494 2781 651 2838 morborum
673 2783 814 2838 curatione
836 2785 977 2856 prooemio
999 2783 1170 2840 Constantini

206 2866 284 2921 iussu
311 2867 516 2940 praeceptiones
547 2883 641 2922 omnes
669 2866 784 2923 medicas
812 2883 843 2922 ex
876 2869 955 2924 variis
988 2867 1169 2942 scriptoribus

207 2948 315 3020 (horum
338 2959 427 3006 tamen
448 2952 601 3024 suppressis
623 2951 788 3022 nominibus)
815 2952 960 3024 collegisse
982 2969 1015 3010 se
1039 2960 1167 3010 testatur.

206 3033 306 3090 Similis
328 3038 490 3109 argumenti,
514 3035 541 3091 id
563 3043 606 3091 est
628 3035 783 3106 lledicinae,
805 3035 873 3092 liber
895 3044 968 3094 extat
989 3038 1124 3111 Anonymi
1139 3039 1168 3093 in

112 3147 115 3153 ·
158 3129 165 3142 “
204 3117 368 3176 Bibliotheca
390 3121 466 3195 regia
493 3113 560 3194 περὶ
583 3114 713 3193 διαίτης,
741 3137 790 3177 scu
822 3119 855 3178 de
878 3122 999 3179 ciborum
1027 3121 1167 3194 facultate,

204 3203 282 3259 cuius
309 3211 405 3260 auctor
432 3206 459 3260 in
488 3204 671 3278 praefatione,
699 3204 773 3261 illius
801 3214 946 3282 praecepto
975 3205 1002 3262 id
1024 3222 1054 3262 se
1077 3207 1168 3280 operis

204 3302 365 3361 aggressum
387 3286 542 3362 profitetur.
586 3290 685 3354 Verum
708 3290 749 3346 his
773 3297 801 3346 et
822 3291 845 3346 si
868 3293 914 3365 qui
937 3298 1078 3366 praeterea
1095 3293 1167 3347 eius·

203 3371 276 3427 modi
299 3371 360 3429 libri
383 3372 415 3428 ad
438 3374 560 3430 notitiam
583 3381 703 3430 nestram
726 3391 781 3430 nou
803 3384 953 3447 venerunt,
982 3384 1010 3432 et
1031 3377 1167 3450 magnitu-

203 3453 265 3538 dine
289 3457 379 3530 operis
402 3464 430 3512 et
452 3457 569 3515 utilitate
591 3457 673 3532 longe
696 3466 835 3536 praestant
854 3459 1019 3517 collectanea
1036 3461 1166 3518 historica
1256 3479 1258 3538 ι
