2550 3854
484 222 534 278 At)
553 222 637 276 VOL.
656 225 702 278 IV.
1016 225 1075 288 127

1 393 2 396 =
114 361 244 434 imprimis
268 363 406 418 maximam
429 360 533 418 Siciliae
560 371 662 436 partem
692 379 846 438 pervasere.
890 365 989 422 llebiuc
1015 383 1075 423 cum

113 445 226 502 Basilius
249 443 357 502 blacerio
386 448 464 520 regul
492 445 608 502 habenas
631 449 796 522 excepisset,
826 449 911 506 classe
934 452 1074 521 instructa,

1 570 2 575 κ
114 532 142 586 in
164 529 306 586 Dalmatiae
327 531 473 601 maritima,
505 530 575 587 lacta
604 534 793 604 exscensione,
823 533 1005 608 complurimis
1032 552 1076 590 er·

113 615 243 690 pugnatis
266 614 382 688 oppidis,
406 611 553 689 Ragusium
576 615 717 673 obsedere.
755 618 791 674 At
813 627 843 674 ut
864 617 1013 675 subsidium
1027 619 1077 674 lia·

114 700 221 773 gusiuis
243 698 365 755 submitti
387 717 402 755 a
425 699 538 770 llasllio,
566 717 597 757 aa
619 711 727 758 centum
750 701 909 773 chelandia,
933 720 1002 777 quae
1024 720 1077 758 co·

114 779 317 856 λεμιστηρίους
345 781 419 856 νῆας
447 791 526 841 vocat
551 784 685 855 Zonaras,
714 786 806 843 Niceta
827 787 945 844 Patricio
973 805 1076 862 cogno-

115 877 206 924 mento
230 867 353 942 Oryplra,
376 871 416 925 rei
438 867 536 924 navalis
559 870 725 944 ilsungum,
748 870 816 928 duce
838 872 962 927 arlveuirc
985 889 1078 945 perce-

114 961 223 1027 perunt,
252 955 380 1010 traiecere
408 955 436 1009 in
458 953 575 1023 ltaliam,
604 964 738 1029 captaque
768 955 835 1011 urbe
857 956 932 1028 Bari,
961 956 1024 1012 inde
1050 958 1078 1012 in

115 1039 301 1094 continentem
323 1037 468 1094 Calabriam
497 1045 525 1093 et
547 1039 668 1111 Apuliam
691 1039 783 1111 ellusl,
813 1041 907 1096 harum
933 1041 991 1096 lere
1013 1057 1077 1115 pro·

116 1123 261 1178 vinclorum
284 1121 385 1180 domini
407 1122 495 1179 effecti
516 1132 590 1178 suut.
636 1124 719 1198 Capta
746 1132 836 1182 autem
864 1125 937 1180 liaris
960 1124 1010 1181 sub
1032 1142 1078 1181 an·

115 1223 181 1264 num
204 1204 276 1262 851.
320 1205 527 1281 Erclrempcrtus
557 1207 584 1262 in
613 1208 681 1264 llist.
705 1208 827 1284 langob.
858 1227 915 1283 cap.
940 1207 995 1268 2οι
1023 1226 1079 1282 per

116 1294 188 1348 idem
204 1297 317 1362 tempas
331 1294 462 1364 Aper-eni
472 1291 574 1348 Barim
589 1296 746 1350 insidentes
758 1302 909 1366 ceperam,
925 1296 1078 1352 deaastan—
1137 1333 1142 1344 .
1236 1291 1240 1299 “

116 1383 160 1433 tes
180 1379 327 1446 stirpitus,
351 1377 535 1448 depraedare
559 1383 646 1433 totam
666 1380 817 1450 Apuliam,
847 1377 1026 1448 Calabriam,
1053 1385 1080 1434 et

114 1463 287 1534 pedetentim
298 1461 452 1518 Salernum
469 1478 505 1517 ac
520 1459 714 1519 Beneventum
730 1465 905 1535 depopulari
918 1467 1078 1519 initiarunt.

100 1548 227 1604 ‘Evocati
247 1553 338 1602 autem
360 1545 484 1602 Saraceni
505 1562 520 1600 a
545 1543 688 1620 lladelgiso
704 1547 826 1620 Principe
848 1547 1036 1604 Beneventano
1052 1549 1080 1602 in

118 1631 247 1689 auxilium
269 1646 349 1686 suum
371 1639 466 1686 contra
488 1629 641 1703 Capuanos,
665 1646 713 1704 per
734 1631 888 1687 Pandonem
911 1630 1081 1687 Castaldcum

117 1717 261 1772 barensem
284 1712 390 1771 fidelem
413 1730 503 1784 snum,
526 1723 557 1770 ut
579 1713 678 1771 habeut
700 1713 754 1771 Leo
778 1714 836 1772 Ost.
862 1717 896 1786 1,
920 1715 970 1771 27.
1009 1717 1081 1770 Ano-

117 1818 214 1875 uymus
237 1801 323 1856 Casio.
346 1816 405 1874 cap.
429 1797 448 1855 8
471 1806 499 1855 et
521 1798 675 1856 Chronicon
697 1800 724 1856 S.
742 1800 873 1856 Vincentii
893 1800 927 1856 rle
946 1799 1081 1855 Vulturno

118 1905 145 1961 p.
171 1885 242 1942 694.
280 1884 314 1940 Ut
336 1901 419 1958 porro
442 1885 471 1939 in
493 1881 620 1940 finitimas
636 1885 787 1958 provincias
804 1884 892 1957 effusi,
915 1884 1081 1940 dominatum

119 1987 200 2028 suum
222 1970 360 2025 dilatariut
382 1969 410 2024 iu
431 1967 516 2039 ltalia,
540 1967 663 2042 pluribus
679 1971 856 2044 prosequitur
870 1969 940 2025 idem
956 1968 1082 2024 Erebem·

118 2063 213 2129 pertus
237 2071 294 2128 cap.
318 2052 375 2125 29,
404 2061 434 2109 ut
457 2062 485 2109 et
508 2011 561 2109 beo
585 2051 644 2110 Ost.
669 2055 702 2124 1,
726 2053 777 2126 32,
806 2053 853 2110 sed
877 2063 904 2110 et
926 2053 1082 2126 Porphyre-

119 2141 229 2214 genitus
250 2137 284 2194 ale
306 2137 376 2193 adm.
399 2137 475 2231 lmp.
494 2153 552 2211 cap
578 2136 617 2194 29
640 2155 698 2194 rem
719 2137 759 2193 sic
780 2145 885 2194 narrat:
915 2133 948 2191 οἱ
967 2131 999 2193 δὲ
1021 2136 1082 2190 Σα-

119 2217 245 2301 ρακηνοὶ
267 2213 417 2295 μαθόντες
444 2211 498 2293 τὴν
525 2214 598 2294 μετὰ
626 2220 681 2276 τοῦ
703 2216 811 2276 στόλου
837 2217 892 2276 τοῦ
916 2218 1083 2290 Πατρικίου

122 2305 328 2383 Apovppaploo
348 2303 402 2362 τοῦ
423 2301 574 2376 atotpoa,
603 2299 717 2381 ἔφυγον
738 2297 954 2372 καταλιπόντες
975 2296 1007 2361 τὰ
1029 2322 1082 2359 ma-

120 2404 208 2464 onpov
226 2385 392 2462 Ῥαουσίου,
420 2383 471 2445 eal
492 2380 695 2463 ἆντεπὲρασαυ
722 2383 754 2445 ἐν
776 2384 977 2483 Λογγιβαρδί
967 2410 1001 2461 a,
1031 2382 1084 2444 καὶ

120 2466 369 2551 πολιορκήσαντες
382 2493 415 2531 το
426 2464 555 2551 κάστρον
569 2465 702 2548 Βάρεως,
712 2473 799 2532 τοῦτο
812 2432 1001 2567 ἐπόρθησαῖι.
1020 2464 1084 2528 τότε

120 2555 137 2620 ὁ
162 2552 315 2630 Σολόανὸς
343 2555 445 2628 κτίσας
474 2553 568 2616 ἐκεῖσε
590 2551 736 2632 molaria,
765 2571 962 2634 κατεκρατησε
984 2553 1085 2612 πᾶσαν

120 2643 347 2723 Λογγιβαρὸίαν
368 2639 453 2720 μέχρι
470 2637 582 2720 Ῥώμης
604 2640 656 2719 ἔτη
676 2635 901 2718 τεσσαράκοντα.
947 2643 1020 2711 Quae
1042 2651 1085 2698 to·

121 2733 206 2790 tidem
227 2731 314 2788 serbis
336 2730 417 2788 habet
446 2748 477 2787 ac
499 2732 600 2806 repetit
622 2731 656 2786 de
685 2731 809 2788 Themat.
832 2729 865 2800 2,
891 2729 909 2786 3
938 2737 966 2784 et
993 2729 1022 2784 iu
1044 2727 1084 2782 avi

121 2816 209 2872 Basilii
237 2817 289 2872 vita
316 2835 343 2873 n.
368 2813 424 2886 15,
453 2815 524 2872 uncle
546 2816 636 2872 hausit
659 2832 727 2890 quae
754 2817 782 2871 io
805 2815 875 2870 hanc
896 2829 954 2868 rem
976 2812 1086 2886 scripsit

122 2900 253 2975 Seylitzes
281 2919 309 2974 p.
335 2901 405 2958 577.
451 2899 527 2956 Varie
553 2910 644 2956 autem
671 2899 782 2956 Soldaui
810 2915 909 2955 nomen
937 2895 1048 2953 ellertor
1071 2912 1085 2950 a

123 2985 317 3060 scriptoribus:
347 2986 446 3059 quippe
468 2984 739 3059 Porplryrogenitus,
768 2991 795 3040 et
823 3000 855 3040 er
885 2998 918 3039 eo
942 2981 1085 3056 Scylltzes,

121 3080 233 3128 narrant
255 3069 403 3128 Saracenos
426 3067 538 3125 ducibus
562 3067 645 3139 Saba,
668 3068 711 3124 vel
733 3067 830 3140 Saban,
854 3075 883 3123 et
904 3066 1019 3140 Calpho,
1044 3061 1087 3142 τῷ

124 3143 211 3232 Σάβᾳ
233 3148 285 3210 καὶ
307 3151 347 3234 cpi
369 3151 530 3224 Καλφοῦς,
553 3169 613 3209 cum
638 3153 748 3225 triginta
771 3168 817 3207 sea
839 3150 985 3206 navibus'
978 3167 1006 3206 ιιι
1028 3148 1086 3206 ilal-

123 3239 231 3295 matiam
253 3241 398 3338 appulisse.
428 3235 557 3310 Calpltoa
580 3235 689 3292 Saldani
711 3237 831 3292 meminit
853 3237 934 3291 etiam
955 3234 1011 3290 Leo
1027 3232 1085 3288 Ost.

129 3323 159 3392 1,
187 3322 237 3380 27.
287 3326 322 3380 tlt
349 3326 395 3398 qui
425 3314 514 3399 Σαβα
541 3321 796 3394 Porphyrogenito,
830 3330 856 3375 et
884 3310 994 3392 Σάβαν
1022 3317 1087 3388 Scy·

123 3408 220 3480 litzae,
249 3407 335 3464 eidem
359 3407 597 3482 Porphyrogenito
627 3405 674 3462 lib.
698 3404 716 3460 2
744 3405 778 3460 ale
806 3403 928 3460 l'lremat
967 3389 1087 3473 Σάμαν,

124 3451 317 3566 Ercheinperto
334 3492 468 3566 Seadom,
491 3493 632 3562 anonymo
648 3489 736 3546 Casio.
756 3505 814 3563 cap
832 3487 882 3545 28.
900 3487 939 3545 33
962 3495 990 3543 et
1005 3485 1088 3541 Leoni
