2544 3852
513 135 563 186 nn
581 135 663 193 vor..
682 137 731 189 nv.
1045 137 1106 202 193

206 274 278 345 236,
303 274 351 332 20.
387 268 501 347 ἐτησίας
523 266 619 343 δόσεις
635 265 784 354 ἀνέκυψε]
808 277 873 334 Vide
889 278 972 334 Notas
996 278 1028 334 od
1044 277 1105 335 dle·

141 359 245 416 uiadem
267 377 294 434 p.
319 358 390 416 270.
435 359 574 418 Caeterum
598 359 728 434 quidquid
757 361 884 435 deinceps
913 361 946 418 de
969 361 1049 418 rebus
1072 361 1104 418 ab

140 444 234 500 Alexio
256 444 422 518 Imperatore
444 445 530 519 gestis
553 453 645 502 narrat
667 445 802 518 Zonaras,
830 445 953 519 pluribus
977 448 1104 520 exposui-

26 605 29 612 1
140 545 200 584 mus
223 529 251 584 in
272 527 348 584 Notis
372 529 405 584 ad
427 529 578 585 Alexiadem
602 530 746 602 bruneam,
768 529 882 604 proinde
906 529 950 588 bic
973 530 1104 587 duntaxat

140 611 318 669 delibabimus
341 630 409 686 qnae
430 615 534 670 auctori
557 622 653 670 nostro
675 614 837 671 illustrando
860 615 1016 672 necessaria
1031 614 1104 672 vide·

141 697 254 754 buntur.
788 695 791 698 ’

146 805 149 810 ·
204 781 282 854 236,
306 781 354 838 22.
392 774 542 859 Εἰρήνην]
573 781 635 838 lluit
656 783 733 839 Irene
755 783 890 854 Oucaena,
921 783 1007 840 Alenii
1035 783 1101 858 lmp.

114 871 115 874 ’
140 882 223 936 uxor,
252 866 357 922 loannis
385 865 471 923 Dueae
499 868 619 923 Caesaris
646 869 750 941 neptis,
782 865 836 923 filia
863 883 928 924 vero
956 868 1104 926 Andronici

139 952 225 1008 Oucae
247 951 457 1025 Protoproedri,
479 951 699 1023 Protovestiarii,
729 959 756 1008 et
778 952 867 1026 Magni
890 951 969 1008 Ducis
993 952 1104 1009 Schola·

140 1052 201 1091 rum
224 1034 351 1094 Orientis.
397 1037 433 1092 lta
456 1035 613 1093 inscribitur
634 1038 663 1092 in
678 1036 779 1110 Typieo
802 1053 852 1093 ms.
877 1035 1032 1093 llonasterii
1052 1034 1104 1110 τῆς

140 1113 382 1194 Κεχαριτωμένης
405 1120 437 1176 ab
459 1120 534 1176 Irene
557 1121 669 1178 conditi.
714 1120 786 1177 Obiit
808 1128 898 1177 autem
922 1121 1103 1195 Andronicus,

140 1214 172 1261 ut
193 1204 292 1261 ibidem
314 1205 443 1280 babetur,
473 1205 512 1260 14
536 1205 645 1262 Octobr.
671 1221 732 1262 oum
760 1205 810 1261 sub
832 1207 902 1262 vitae
925 1208 1025 1262 exitum
1047 1205 1103 1264 llo-

140 1289 280 1346 nacbicurn
301 1289 423 1346 habitum
438 1284 582 1360 induisset,
604 1291 738 1346 Antonius
755 1289 914 1364 appellatus.
952 1290 1021 1346 Huic
1036 1308 1105 1348 uxor

140 1373 192 1430 luit
215 1373 295 1429 llaria
322 1373 420 1430 nobilis
444 1373 574 1448 bulgaro,
604 1391 672 1448 quae
702 1372 752 1429 sub
781 1375 850 1430 vitae
879 1375 981 1446 pariter
1003 1377 1104 1431 exitum

140 1465 247 1532 sumpta
269 1458 397 1533 dugeliea
421 1465 495 1514 veste
518 1458 590 1514 liene
614 1457 746 1533 appellata
769 1465 820 1529 est,
844 1457 965 1532 obiitque
989 1459 1027 1514 21
1050 1459 1104 1516 Νο-

140 1541 227 1602 vemb.
249 1542 362 1599 lliehael
383 1560 447 1598 vero
470 1543 561 1599 lrenes
589 1541 674 1599 irater
701 1541 768 1598 obiit
794 1541 811 1599 9
834 1539 963 1600 lanuarii:
991 1543 1104 1600 loannes

140 1628 224 1683 frater
252 1626 320 1684 alter
348 1629 466 1684 moriens
488 1621 643 1683 llonachica
670 1635 745 1684 veste
772 1635 880 1700 sumpta
901 1627 1035 1682 Antonius
1058 1645 1104 1702 ap·

139 1711 256 1787 peilatus
280 1720 331 1770 est.
375 1712 494 1785 lienique
517 1711 658 1768 'lheodora
673 1710 888 1768 sanctimonialis
912 1711 1031 1768 eiusdem
1050 1711 1104 1769 lrc·

140 1814 188 1852 nes
211 1813 291 1854 soror
314 1795 380 1854 obiit
403 1795 444 1854 20
466 1795 543 1852 Febr.
567 1797 604 1852 ita
626 1795 696 1852 idem
719 1796 875 1869 'lypicurn..

205 1881 277 1953 236,
301 1881 350 1939 31.
377 1867 430 1953 τὴν
453 1877 505 1938 τοῦ
524 1869 686 1957 Ἑβδόμου]
711 1881 776 1936 Vide
796 1879 866 1936 inira
880 1880 1104 1938 Dissertationent

141 1967 175 2022 de
196 1965 347 2038 Hebdomo‚
370 1975 397 2023 et
418 1973 540 2024 nostram
563 1964 833 2040 Constantinopolim,
858 1964 903 2022 ubi
926 1965 959 2022 de
982 1967 1035 2022 lroc
1049 1965 1104 2022 llo·

140 2052 258 2108 nasterio
282 2060 309 2107 et
332 2052 389 2108 eius
412 2053 466 2108 situ
485 2051 573 2124 plura.

207 2135 354 2208 237,12.
387 2130 517 2212 Κοσμᾶς]
548 2135 684 2214 Laudatur
713 2152 745 2190 ex
768 2133 828 2190 cod.
851 2150 901 2190 ms.
925 2133 991 2190 Bibl.
1015 2133 1104 2190 Caroli

143 2220 176 2276 de
199 2219 336 2278 llontohal
357 2221 482 2294 Archiep.
520 2219 658 2290 Tolosam,
682 2235 749 2292 quae
772 2235 843 2274 nunc
866 2226 907 2272 est
929 2217 1105 2275 illustrissimi

142 2305 344 2378 Archiepiscopi
372 2305 525 2376 demersis,
560 2300 710 2376 σημείωμα
738 2298 789 2373 τῆς
819 2294 1022 2372 καθαιρέσεως
1051 2298 1105 2356 τοῦ

141 2381 294 2464 γεγονότος
317 2379 509 2466 Πατριάρχου
536 2375 880 2454 Κωνσταντινουπόλεως
909 2383 1022 2458 Κοσμᾶ.
1066 2385 1105 2440 llx

143 2491 197 2548 quo
221 2474 329 2548 quidem
344 2474 425 2530 titulo
449 2473 578 2547 colligere
596 2473 706 2544 liceret,
729 2489 784 2526 non
806 2480 904 2544 sponte
919 2469 1105 2526 Patriarehatu

142 2559 257 2616 cessisse
285 2558 421 2630 Cosmum,
455 2557 503 2614 sed
530 2557 683 2632 depositum
713 2555 813 2627 luisse,
844 2555 909 2611 licet
939 2556 1105 2610 contrarium

141 2645 222 2700 etiam
245 2643 316 2700 dieat
338 2645 413 2698 Anna
436 2642 571 2699 Coronena
593 2641 638 2697 lib.
663 2641 690 2700 3.
714 2659 740 2714 p.
764 2640 815 2697 79.
852 2639 926 2695 lllius
950 2641 1112 2695 memoriam,

141 2737 228 2802 agunt
250 2727 342 2784 Graeci
366 2727 382 2782 1
405 2727 528 2798 ianuarii,
551 2735 582 2782 ut
605 2735 646 2782 est
668 2727 695 2781 in
717 2725 833 2780 Menaeis
857 2731 884 2780 et
902 2721 1068 2798 'Synauariis

92 2827 94 2829 ·
207 2811 280 2886 238,
303 2811 333 2870 4.
363 2805 414 2866 καὶ
437 2800 591 2887 ἡττηθεὶς]
616 2811 652 2866 lle
676 2810 725 2868 bac
740 2805 850 2866 Roberti
865 2809 978 2866 victoria
993 2807 1024 2863 ad
1040 2807 1105 2882 llyr-

142 2897 280 2954 rbaohium
310 2898 350 2953 sic
378 2895 470 2970 Lupus
493 2895 688 2969 Protospatha:
717 2895 800 2952 Anno
825 2891 916 2953 1082.
946 2894 1000 2950 boc
1030 2909 1105 2950 ortuo

142 2984 324 3055 complentur
347 2983 383 3038 ob
405 2982 484 3038 initio
507 2982 605 3037 mundi
626 2979 720 3051 6281,
743 2980 779 3036 cb
801 2981 873 3036 urbe
895 2979 1010 3034 condito
1033 2976 1104 3034 824.

141 3068 265 3124 Alesios
286 3066 453 3138 Imperator
481 3068 600 3122 collecto
627 3067 733 3137 prendi
759 3068 892 3121 exercito
917 3066 979 3120 iniit
1002 3063 1105 3120 bellum

143 3169 208 3208 curn
236 3152 363 3210 Robcrto
390 3153 472 3208 Duce
500 3151 580 3207 baud
604 3153 688 3222 tonpe
716 3167 733 3202 a
755 3149 938 3222 Dyrrachio,
967 3153 994 3203 et
1024 3155 1106 3220 torpa

143 3251 246 3294 versos
265 3235 352 3310 sopit,
376 3238 598 3308 cecideruntque
621 3238 650 3291 io
673 3249 707 3289 ca
726 3251 828 3307 popno
846 3235 1017 3304 plusquam
1039 3226 1174 3286 0611121

144 3337 184 3378 ex
206 3325 275 3391 stris,
297 3321 421 3394 fuerunt
444 3328 538 3378 cotem
560 3323 590 3376 in
613 3323 674 3375 eius
697 3322 831 3375 exercito
855 3317 895 3375 70
910 3318 999 3372 mittio
1018 3317 1105 3372 bomi-

144 3423 221 3463 num.
252 3405 289 3462 De
311 3407 394 3463 altera
417 3407 449 3463 ad
472 3405 625 3480 Cassiopen
647 3401 758 3460 Roberti
778 3401 900 3474 victoria,
926 3417 1007 3473 quam
1028 3401 1107 3456 etiam

8 3531 13 3602 p
179 3516 301 3553 nouenae
318 3519 356 3555 vr.
925 3501 956 3549 13
