2548 3850
528 220 578 271 no
596 221 680 275 von.
699 221 721 275 1.
1090 219 1111 286 5

143 361 240 420 iecisse
268 358 415 435 profitetur
443 358 560 416 Wolflus
589 361 739 433 interpres;
774 361 850 415 cuius
881 359 1002 435 alioquin
1030 367 1110 418 notas
1145 387 1147 394 ·

144 449 228 522 priori
251 445 365 502 editioni
386 443 522 514 subditas,
553 461 615 501 cum
638 445 740 500 nostris
768 444 811 500 cdi
833 446 889 500 suis
917 444 986 501 locis
1008 448 1111 502 curavi·
1143 441 1146 445 ’

143 547 214 603 mus,
237 531 316 586 litera
338 529 455 586 nominis
477 529 574 586 initiali
597 529 641 583 W.
663 528 806 596 indicatas,
829 530 1027 602 praetermissis
1052 532 1111 604 qui·

143 615 256 672 busdam
283 613 434 674 inutilibus.
484 615 574 688 Atque
603 614 652 669 hae
681 613 789 686 quidem
819 615 937 687 priorem
967 613 1111 670 Annalium

142 709 264 774 partem,
291 707 319 754 et
341 698 451 754 alteram
478 715 564 772 nsque
587 697 619 754 ad
641 696 848 754 Constantinum
875 697 1002 772 Magnum
1024 700 1111 772 potis-

142 785 241 840 simum
269 789 411 856 spectant,
440 782 486 838 uhi
508 781 600 855 paullo
630 785 703 838 visus
732 790 775 838 est
802 784 952 838 accuratior
980 799 1060 856 qnam
1082 785 1111 838 in

142 869 175 924 iis
199 884 269 942 quae
291 867 499 942 Byzantioorum
521 865 717 941 Imperatorum
740 867 877 922 Historiae
900 875 977 924 erant
999 866 1111 923 subiun-

143 963 212 1025 ctas,
236 955 265 1008 in
288 967 340 1025 qna
362 953 450 1007 minus
472 954 601 1008 scientem
617 951 702 1007 luisse
718 952 805 1025 palam
825 961 877 1023 ost,
901 951 975 1026 quod
991 961 1017 1008 et
1039 953 1111 1026 ipse·

142 1046 197 1094 met
219 1039 338 1110 ingenue
361 1038 502 1110 agnoscit3
527 1036 754 1110 quemadmodum
776 1045 805 1093 et
826 1036 961 1110 Xylander
982 1039 1010 1092 in
1032 1037 1110 1094 Notis

143 1121 176 1176 ad
192 1121 344 1177 Cedrennm
367 1121 483 1195 singulis
499 1121 556 1178 lere
571 1121 646 1191 locis,
672 1123 777 1195 quires
793 1121 955 1196 Byzantinus
975 1130 1110 1195 spectant,

142 1223 199 1262 non
222 1205 303 1261 modo
326 1205 460 1262 haesitare
483 1207 607 1280 cogitur,
637 1205 686 1260 sed
711 1205 815 1262 latetur
843 1206 916 1262 ultro
939 1223 1037 1264 vocum
1059 1205 1110 1262 sibi

140 1291 334 1362 insolentium,
363 1292 461 1365 partim
483 1289 657 1364 hybridarum
684 1307 717 1346 ac
739 1284 982 1367 μιξοβαρβάραν,
1011 1293 1111 1366 partim

141 1391 258 1449 prorsus
292 1382 321 1430 et
348 1374 419 1448 apud
447 1375 557 1430 Latinos
590 1382 618 1430 et
647 1373 717 1448 apud
747 1375 865 1431 Graecos
893 1378 1108 1450 peregrinarum,

141 1461 269 1516 notiones
291 1461 412 1532 ignotas,
435 1475 485 1515 nec
507 1457 568 1514 alibi
591 1458 690 1514 lectas:
714 1459 788 1532 quod
810 1476 866 1514 non
881 1462 990 1516 omnino
1013 1462 1111 1516 miran-

142 1543 222 1616 dum,
245 1541 377 1616 siqnidem
400 1545 450 1600 hac
472 1550 631 1616 tempestate
658 1541 726 1598 nulli
749 1543 813 1598 dum
839 1543 896 1599 lere
926 1551 1017 1600 essent
1046 1543 1111 1599 editi

141 1627 305 1701 Byzantinus
327 1627 461 1684 Historiae
483 1629 646 1701 scriptorem
675 1629 754 1684 etin
776 1630 810 1684 iis
832 1627 1000 1702 illustrandis
1029 1643 1110 1684 nemo

142 1729 176 1767 ex
199 1720 241 1768 tot
262 1713 326 1766 viris
350 1711 463 1768 cruditis
485 1712 574 1768 studia
596 1729 645 1768 sua
667 1712 798 1768 hactenus
821 1697 983 1769 contulerat.

553 1895 705 1904 ...αι-..-

403 2027 851 2107 ANNOTATIONES.

481 2197 531 2248 AD
549 2197 730 2248 VOLUMEN
748 2197 770 2251 1.

205 2299 233 2354 P.
258 2299 344 2373 2,1.
378 2291 753 2377 οὐκοικοθενωρμήθην
779 2297 906 2378 πρὸς
877 2319 909 2358 ro
937 2295 1144 2380 ἕγχείὸρημα]

143 2381 303 2440 Similiter
296 2399 324 2439 m
347 2389 544 2442 commentariis
574 2403 643 2462 quos
665 2389 693 2444 ln
721 2403 839 2444 canones
866 2387 1055 2461 apostolorum
1082 2375 1151 2445 et⁰⁶·
1162 2377 1215 2419 Μ

143 2469 321 2524 conciliorum
344 2471 497 2544 composuit
518 2489 545 2545 p
563 2471 582 2528 2
606 2471 648 2528 ed.
670 2471 854 2529 Paris.1618
877 2462 984 2545 μήτις
1007 2465 1112 2546 δέμον

141 2549 306 2628 καταγνοίη
317 2549 517 2652 προπέτειαν·
546 2544 582 2612 οὐ
603 2571 661 2656 γαρ
687 2547 733 2629 ἆφ
736 2547 876 2612 ’ἑαυτοῦ
904 2575 945 2635 τῳ
969 2573 1112 2630 conopon

142 2631 279 2712 ἐγχειρῶ,
308 2626 382 2693 ἄλλα
410 2635 617 2735 παρακληθεὶς
644 2632 789 2713 ὑπέκυψαν
816 2633 868 2696 καὶ
896 2641 939 2720 τῷ
960 2634 1043 2720 πόνῳ
1066 2635 1111 2698 δέ·

142 2717 225 2778 duno
247 2710 428 2795 ἐμαυτὸν,”
410 2743 461 2780 ινα
483 2711 525 2799 μὴ
546 2715 587 2783 δι’
611 2717 761 2800 ἀνηκοΐαν
783 2723 968 2800 κατακριθῶ.

205 2808 236 2883 4,
252 2807 302 2864 31.
325 2796 486 2880 ἠρεμοῦντι
497 2827 594 2890 γαρ
565 2830 605 2867 τω
622 2807 682 2882 vot,
698 2806 765 2889 etc]
791 2814 948 2888 Anonymus
964 2809 1111 2868 Monachus

141 2891 347 2965 liatisponensls
370 2893 403 2948 de
426 2897 483 2951 suis
508 2897 713 2968 tentationibus,
738 2913 825 2971 nuper
848 2897 937 2952 editus
961 2895 1111 2952 allabillo·

141 2977 186 3033 nio
209 2976 264 3032 vol.
281 2976 309 3032 4.
333 2977 487 3036 ΑοοΙοοῑοο.
527 2979 698 3056 „ideoque
690 2999 718 3038 m
741 2989 814 3038 tanta
835 2983 961 3038 molestia
982 2983 1111 3037 tentatio-

141 3061 195 3132 nis,
218 3075 287 3134 quae
310 3077 343 3118 eo
359 3065 445 3138 magis
460 3063 628 3138 imminebat,
652 3083 707 3140 quo
722 3068 808 3122 maior
827 3069 946 3140 sospitas
962 3065 1110 3140 corporalis

139 3146 244 3217 inerat,
268 3147 423 3204 omnimodo
446 3157 564 3205 tractare
587 3153 683 3224 coepi,
712 3151 783 3224 quali
806 3151 899 3208 studio
923 3151 1050 3226 pialique
1072 3149 1111 3206 la-

139 3227 207 3286 bore
229 3246 329 3304 corpus
352 3233 460 3304 spiritui
482 3233 651 3290 subiicerem.
697 3234 761 3290 Nam
784 3251 815 3290 ea
837 3253 907 3309 quae
929 3235 1111 3292 communiter

140 3330 200 3369 cum
225 3317 339 3373 caeteris
362 3316 490 3373 iratribus
518 3319 546 3373 in
561 3317 711 3390 ¹Coenobio
740 3336 821 3394 agere
848 3319 981 3378 docebar:
1011 3319 1059 3374 sed
1082 3327 1111 3374 et

140 3397 185 3454 illa
209 3417 279 3474 quac
302 3401 413 3473 speciali
427 3401 573 3458 devotione
589 3402 732 3460 scribendo
748 3412 796 3460 aut
811 3404 941 3478 legendo,
964 3403 1110 3460 senellam

139 3481 284 3540 ieiunando
307 3494 406 3558 sponte
422 3487 503 3559 subii,
525 3504 581 3544 non
605 3490 669 3544 satis
684 3487 807 3564 dilligere
822 3505 922 3562 corpus
937 3485 1109 3543 videbantur.
