2544 3852
181 237 242 303 165
524 235 805 288 sunorsrronss

182 381 259 436 cuius
281 386 436 454 apparatum
460 383 489 432 et
511 391 638 450 pompam
660 377 697 431 ita
720 374 864 434 describit:
892 378 937 435 lis
964 393 1032 452 erpo
1055 379 1148 437 tribas
1263 371 1265 462 ξ

181 463 418 522 Hebdomadibus
438 461 539 518 natan
560 460 744 532 Nicephorius
764 467 852 518 extra
875 459 1147 558 Constantinopolim
1264 471 1265 478 ’

179 551 372 618 metastasin,
394 547 483 604 idest
497 540 649 603 stationam
666 549 696 601 in
709 545 772 604 loco
787 563 835 619 que
831 547 958 604 dicitnr
972 540 1014 613 εἰς
1030 533 1145 620 Πηγὰς,

179 637 266 692 idest
288 633 327 690 act
340 632 457 702 Fontes,
482 632 635 702 eodemque
655 645 699 685 me
718 633 816 687 uenire
826 634 990 703 praecepit.
1036 629 1089 687 Sed
1112 649 1148 688 an

180 734 212 776 ea
239 719 277 774 sit
304 717 380 774 ouius
407 715 451 772 hic
479 715 599 772 meminit
626 713 759 785 Zonaras,
787 713 859 772 haud
889 716 999 772 omnino
1028 723 1147 774 constat.

179 802 245 860 lide
267 809 387 858 nostram
411 797 673 872 Constantinopolim
701 797 746 855 lib.
768 797 806 870 4,
834 797 880 855 ubi
903 798 937 855 de
965 800 1018 857 hoc
1043 799 1146 874 templo

183 887 295 962 agimus.

244 968 370 1041 87,19.
401 957 680 1044 Σφενδοσθλοίβον]
704 966 785 1024 Cuius
807 967 928 1023 meminit
950 966 1146 1024 Constantinus

180 1055 352 1130 Porphyrog.
376 1052 410 1110 ate
431 1052 509 1108 Arlm
525 1051 590 1125 lmp
614 1067 673 1126 cap.
691 1050 720 1109 9.
751 1052 951 1109 Wanceotanm
972 1052 1010 1108 ita
1032 1051 1149 1109 efferunt

180 1139 274 1196 Graeci
295 1139 453 1212 scriptores

244 1222 296 1294 87,
320 1219 369 1278 22.
401 1211 593 1297 Κολόκορον]
615 1219 640 1276 ls
656 1228 709 1292 est,
732 1221 759 1276 ni
781 1217 871 1292 iallor,
895 1219 1040 1295 Calocyrus
1062 1219 1148 1276 Patri·

185 1309 243 1365 cius
265 1306 343 1363 cuius
365 1307 486 1362 meminit
507 1303 600 1378 Lupus
622 1304 803 1379 Protospatlra
825 1262 875 1360 sui)
897 1321 940 1360 an.
964 1303 1035 1362 982.

132 1397 181 1448 166
246 1390 298 1462 87,
322 1389 371 1446 27.
404 1383 507 1465 μέμονε
528 1379 560 1445 δὲ
582 1383 651 1466 etc]
681 1388 717 1445 lie
739 1389 903 1445 hectoreae
930 1387 1147 1445 motusubNi-

178 1477 299 1572 cophoro
315 1474 405 1532 Phoca
419 1482 505 1550 agunt
519 1473 648 1548 lircerpta
665 1471 796 1547 quaedam
810 1472 945 1530 Historica
960 1489 993 1529 er
1009 1472 1069 1530 cod
1085 1489 1146 1548 reg.

179 1549 225 1617 ὅτι
248 1551 295 1616 ἐπὶ
318 1555 372 1615 τοῦ
393 1555 487 1615 Φωκοῖ
512 1554 566 1614 τοῦ
587 1552 694 1632 κυρίου
717 1547 898 1633 Νικηφόρον
926 1553 981 1612 τοῦ
1001 1549 1146 1634 βασιλέως

180 1640 315 1742 ἔκλειψις
336 1635 394 1739 ἡλί
390 1658 426 1700 ου
445 1635 514 1717 περὶ
535 1637 666 1737 χειμῶνα
688 1633 816 1718 ἐγένετο·
840 1635 891 1698 nal
912 1629 1004 1698 πάλιν
1027 1634 1074 1697 ἐπὶ
1093 1637 1148 1697 τοῦ

179 1715 275 1787 αὐτοῦ
296 1716 413 1804 σεισμὸς
440 1717 671 1828 φοβερώτατος
692 1723 731 1806 τῷ
758 1719 790 1783 δὲ
818 1722 928 1804 σεισμῷ
955 1719 1005 1782 nal
1033 1718 1148 1826 ὄμβρος

177 1804 302 1889 αμετρος
324 1804 569 1886 ἐπηκολούθησεν
591 1800 678 1868 iat'
655 1829 733 1887 οιριις
754 1810 839 1887 τρεῖς,
863 1781 915 1868 nai
929 1803 1020 1868 πάλιν
1035 1800 1147 1888 ομβρος

179 1892 380 1972 τεθολωμὲνος
402 1888 569 1992 σύμμικτος
590 1889 696 1974 τέφρᾳ.

243 1983 294 2057 88,
318 1983 369 2040 21.
403 1969 737 2056 petracoricensium]
761 1981 860 2038 Horrea
883 1980 1003 2056 publica,
1027 1980 1061 2037 de
1084 1981 1144 2054 qui·

178 2069 229 2125 ltus
252 2068 357 2142 egimus
379 2066 406 2122 in
429 2065 664 2139 Constantinopoli
686 2064 731 2122 lib.
757 2064 784 2122 2.
809 2075 877 2124 sect.
896 2066 945 2128 10
983 2063 1020 2121 lia
1042 2063 1144 2122 confla·

179 2169 272 2228 grasse
295 2149 479 2209 'theodosio
471 2151 578 2207 rnniore
600 2151 749 2224 imperante
771 2149 865 2208 scribit
888 2150 1014 2208 Socrates
1038 2148 1068 2223 7,
1091 2149 1143 2222 39,

182 2237 227 2293 ubi
249 2230 285 2296 roi
309 2230 429 2311 μέγιστοι
450 2231 511 2291 τῶν
533 2227 631 2332 ὁρίων
656 2243 797 2291 vocantur.

244 2322 300 2394 89,
325 2321 376 2379 26.
409 2321 543 2394 σφαῖραν
563 2307 662 2392 ἀφῆκε
688 2310 765 2376 κατὰ
787 2313 935 2395 πρανοῦς]
969 2317 1146 2375 Proverbium

181 2407 265 2483 qnod,
287 2408 315 2463 ni
338 2405 432 2478 iallor,
462 2406 577 2462 omisere
599 2403 852 2479 Paroemiograplrl:
882 2419 937 2476 quo
965 2402 1061 2460 referri
1083 2418 1148 2476 pos·

180 2498 245 2548 suut
267 2493 319 2548 ista
342 2507 375 2546 ex
398 2489 484 2546 Gellio
507 2489 538 2559 8,
563 2489 600 2544 11
624 2487 658 2544 de
676 2487 813 2562 cylindro:
838 2487 928 2558 Siout,
951 2487 1050 2561 inquit,
1071 2487 1147 2558 lapi-

180 2579 243 2634 dem
265 2576 442 2649 cylindrum,
464 2577 491 2630 si
506 2589 562 2646 per
582 2575 679 2644 spatia
700 2579 799 2629 terrae
815 2588 913 2644 prona
935 2577 1021 2644 atque
1042 2572 1148 2628 clarata

174 2663 283 2733 'iacias
300 2675 421 2717 cansam
432 2660 544 2732 quietem
560 2660 588 2714 ei
603 2663 630 2714 et
644 2657 754 2714 initium
767 2657 1013 2728 praecipitantiae
1025 2655 1146 2729 seceris,

181 2753 362 2802 nontamen
382 2746 430 2800 nte
448 2756 594 2815 praeceps
609 2743 745 2813 volvitur,
768 2758 824 2798 non
841 2742 909 2814 quia
932 2741 1079 2797 talaiam
1096 2738 1147 2811 fa-

183 2833 235 2901 ιιι,
259 2828 459 2901 sedquoniam
473 2829 514 2883 ita
529 2841 593 2882 sese
608 2826 708 2882 modus
723 2829 793 2894 eine,
815 2832 842 2882 et
854 2824 971 2898 formae
986 2823 1149 2882 volubilitas

76 2919 81 2930 '
182 2915 278 2972 habet.

123 2990 132 3002 ⁸
247 2997 303 3068 99,
327 2997 356 3055 3.
386 2987 460 3077 pinea
482 2987 514 3051 tt
534 2981 608 3050 nasci
630 2981 664 3050 τὸ
686 2987 781 3072 Θὲμοι]
806 2992 878 3052 llaec
899 2992 979 3049 verba
1001 2991 1099 3048 absunt
1113 2989 1165 3046 ab'

112 3136 117 3147 ,
182 3099 239 3139 uno
262 3099 278 3138 e
300 3098 364 3142 nrss
381 3097 438 3156 τος
454 3079 589 3137 habentur
611 3095 675 3136 vero
697 3079 725 3134 in
740 3077 847 3135 duobus
862 3076 923 3134 aliis
945 3093 1006 3136 cum
1022 3075 1147 3132 deiectus

180 3175 256 3237 nota,
279 3175 306 3222 et
328 3167 356 3222 Ιιι
379 3172 489 3240 quarto:
513 3163 560 3220 ubi
584 3155 665 3237 Θὲμοι
687 3162 794 3219 ridetur
816 3178 877 3219 esse
899 3160 998 3218 lorum
1022 3159 1149 3216 'lheodo-

180 3251 298 3322 siacum,
320 3249 363 3307 vel
385 3257 488 3306 tractus
510 3249 548 3305 lta
570 3248 602 3304 ad
625 3246 691 3304 illud
714 3247 803 3304 iorum
825 3245 994 3322 appellatus,
1017 3245 1057 3300 uti
1079 3241 1148 3300 indi-

182 3337 299 3393 cavimus
322 3335 349 3391 in
372 3342 466 3390 nostra
488 3330 726 3406 Constantinopoli
747 3329 794 3388 lib.
820 3331 848 3387 1.
872 3348 900 3404 p.
924 3329 975 3388 80.

246 3419 303 3493 90,
335 3419 384 3475 11.
425 3409 614 3493 Βουκολέοιο]
650 3415 685 3471 lie
706 3414 872 3472 lincoleonte
901 3413 984 3470 multa
1006 3412 1147 3486 congessi·

182 3518 242 3558 mus
264 3503 291 3558 in
313 3502 391 3559 Notis
414 3500 447 3556 ad
464 3499 688 3571 Villharduinum,
711 3505 739 3556 et
760 3501 787 3556 in
810 3497 1048 3572 Constantinopoli
1069 3495 1148 3551 Clrri·
