2550 3854
489 237 539 289 ΑΒ
558 237 639 325 von.
657 237 705 294 1v.
1022 240 1082 304 137

115 377 191 450 panis
216 372 282 450 (rem
304 372 426 452 miram),
456 393 565 434 nummo
589 395 671 434 aureo
695 377 865 434 venderetur.
910 379 985 438 Adde
1008 381 1084 455 quod

117 463 245 518 trecentis
269 463 358 518 aureis
381 471 408 518 ct
431 478 463 518 eo
487 461 617 535 amplius,
640 463 896 538 quomodocumque
919 465 999 520 catule
1022 483 1086 522 vae-

117 561 182 600 num
204 545 270 617 ibat,
292 555 319 602 et
342 549 463 621 quinque
485 563 567 623 supra
582 547 684 619 decom,
709 548 874 622 quandoque
890 549 971 604 etiam
986 551 1082 623 viginti

115 629 256 687 constabat
278 633 406 705 equinum
430 640 523 704 caput:
552 632 671 688 asininae
699 649 795 689 carnes
824 633 903 689 etiam
930 634 957 688 in
979 633 1084 690 deliciis

116 713 232 772 habitae,
278 715 331 772 lam
359 732 422 772 vero
453 716 662 774 domesticarum
691 717 778 772 avium
809 717 955 774 defecerat
977 733 1080 792 genus:

116 798 206 856 oleum
235 810 325 856 autem
353 809 381 856 et
408 801 634 866 salsamentorum
661 803 793 875 cuiusque
822 803 929 876 generis
957 802 1083 875 obsonia,

117 883 157 938 vel
180 901 210 940 ea
234 902 318 959 quac,
348 893 379 940 ut
406 886 443 940 ait
470 885 620 961 Gregorius
643 887 814 960 Theologus,
842 903 991 960 pauperum
1021 903 1086 943 esse

116 967 192 1024 cibus
215 969 317 1042 solent,
340 971 392 1026 iam
415 979 491 1026 erant
513 970 664 1046 absumpta.
709 971 791 1040 Casei,
816 971 984 1045 leguminum
1000 978 1028 1027 et
1042 973 1087 1044 pi·

80 1075 82 1080 ·
116 1054 199 1110 scium
224 1071 286 1110 esus
310 1056 419 1112 omnino
442 1055 547 1113 nullus:
576 1057 628 1112 iam
651 1057 720 1112 euim
749 1055 831 1113 unius
859 1064 941 1129 atque
970 1055 1085 1112 alterius·

7 1173 12 1182 -
113 1147 221 1211 portus,
245 1140 342 1212 quibus
364 1141 524 1198 interiacent
546 1140 710 1214 Syracusae,
734 1157 784 1214 pcr
807 1142 858 1198 vim
881 1140 976 1196 hostes
999 1142 1083 1215 potiti

114 1223 239 1294 fuerant,
263 1236 323 1282 cum
346 1233 424 1280 antea
447 1243 532 1298 arces,
556 1242 623 1300 quae
645 1225 793 1281 Brachiolia
816 1225 983 1296 dicebantur,
1006 1233 1033 1282 et
1049 1225 1081 1281 ab

114 1309 241 1383 ingressu
264 1319 394 1384 portuum
416 1309 510 1366 hostes
533 1309 676 1381 arcebant,
705 1309 765 1366 solo
788 1309 911 1366 funditus
934 1309 1082 1384 adaequas·

114 1401 186 1452 seut.
231 1393 299 1450 illud
314 1397 386 1450 ‘vcro
409 1394 493 1469 longe
515 1395 738 1452 molestissimum
760 1394 871 1452 accidit:
900 1411 960 1452 nam
983 1397 1082 1450 saevis·

114 1479 182 1534 sima
204 1480 290 1552 pestis
314 1474 394 1554 (proh
417 1479 496 1535 dolor
505 1473 527 1555 Ι)
556 1480 652 1536 famem
682 1478 849 1553 subsequuta
876 1486 926 1535 est.
972 1478 1083 1536 Morbus

114 1564 194 1620 ctiam
219 1571 338 1634 tetanus,
368 1581 383 1620 a
412 1581 558 1620 nervorum
587 1565 773 1620 contractione
801 1565 841 1620 sic
862 1563 969 1637 dictus,
999 1580 1084 1638 quos-

39 1712 41 1718 ,
114 1647 175 1703 dam
199 1647 352 1706 divexabat:
377 1649 537 1722 quibusdam
552 1656 642 1706 autem
657 1649 798 1722 apoplexia
819 1647 953 1705 dimidiam
976 1656 1082 1722 partem

114 1735 240 1806 corporis
263 1733 434 1804 arefaciebat,
457 1733 525 1790 alios
547 1735 690 1807 repentino
713 1735 782 1789 mori
806 1733 939 1806 cogebat,
962 1749 1013 1790 nec
1034 1735 1081 1788 de·

112 1816 189 1874 fuere
212 1820 261 1894 ,qui
284 1817 379 1874 eodem
402 1835 503 1894 genere
526 1817 612 1874 morbi
636 1819 766 1892 correpti,
789 1827 836 1874 aut
859 1819 982 1893 corporis
1005 1818 1081 1873 dimi·

112 1901 187 1959 dium
214 1918 323 1960 movere
345 1910 451 1960 tantum
473 1911 616 1977 poterant,
645 1911 692 1960 aut
715 1905 826 1960 omnino
854 1904 927 1958 omni
956 1903 1080 1960 movendi

7 2057 8 2062 η
111 1988 239 2062 corporis
263 1987 390 2044 facultate
406 1988 635 2046 destituebantur.
679 1988 730 2044 Atii
752 1989 838 2046 instar
861 1990 961 2044 utrium
984 1979 1083 2044 inflato

110 2089 232 2146 corpore
255 2073 421 2130 horrendum
444 2075 487 2129 sui
510 2073 693 2148 spectaculum
716 2074 881 2130 intuentium
898 2073 984 2130 oculis
1000 2073 1083 2141 ,evhi-

111 2155 223 2228 bebant‚
249 2175 393 2232 quousque
417 2175 491 2214 mors
512 2158 566 2214 illis
589 2159 815 2232 superimminens
838 2154 911 2229 (nam
932 2158 998 2214 haec
1013 2171 1083 2230 quo·

114 2257 167 2314 que
189 2241 281 2298 divino
304 2243 418 2317 imperio
441 2241 562 2316 parebat,
585 2250 668 2315 atque
684 2258 716 2297 ex
732 2243 812 2298 huius
827 2243 994 2315 praescripto
1011 2257 1082 2296 non-

114 2325 182 2382 nihil
203 2322 403 2401 retardabatur)
432 2344 513 2402 aegre
536 2325 646 2382 tandem
674 2327 788 2382 miseros
812 2326 977 2400 gravissimis
1003 2325 1080 2382 dolo-

115 2408 191 2474 ribus
213 2409 354 2468 liberabat.
400 2411 541 2467 Enimvero
569 2411 602 2466 iis
625 2426 695 2484 quae
716 2411 767 2466 iam
797 2428 811 2466 a
834 2408 912 2465 nobis
934 2417 1083 2466 memorata

105 2503 197 2566 -sunt,
220 2495 355 2569 permulta
378 2496 428 2552 alia
451 2495 561 2570 adiungi
583 2504 714 2568 possent,
738 2511 805 2567 quae
828 2495 954 2567 longiore
976 2493 1084 2568 indige·

113 2588 175 2634 reat
199 2581 322 2636 oratione
349 2598 428 2654 quam
452 2597 575 2654 eaquae
603 2577 635 2636 ab
664 2580 771 2635 homine
794 2580 821 2635 in
844 2579 995 2636 custodiam
1017 2579 1081 2634 dato

114 2662 252 2736 proficisci
279 2673 383 2738 potest.
428 2663 497 2732 Quid
525 2665 595 2721 euim
624 2663 695 2721 aliud
718 2669 815 2736 potero
837 2679 925 2736 quam
954 2680 998 2719 res
1025 2673 1085 2718 tarn

116 2749 235 2820 grandes
256 2751 349 2823 paucis
372 2751 560 2824 perstringere
577 2766 607 2805 ac
622 2757 746 2820 tenuare,
770 2750 816 2822 qui
832 2764 938 2804 carcere
959 2747 1087 2804 inclusus

115 2847 150 2886 ue
173 2832 267 2888 horam
291 2834 399 2908 quidem
423 2833 510 2890 habeo
532 2835 620 2908 pacati
636 2833 702 2890 otii?
725 2833 884 2890 densissima
900 2835 1016 2889 carceris
1039 2848 1088 2887 ca·
1164 2832 1166 2836 ’

113 2915 183 2990 ligo,
207 2934 275 2991 quae
298 2918 332 2975 ob
355 2919 451 2975 oculos
472 2928 612 2988 versatur,
635 2926 773 2992 aspectum
796 2917 907 2974 hebetat
928 2924 1010 2992 atque
1033 2915 1085 2991 ob·

43 3053 44 3056 ,
113 3001 220 3058 tundit:
245 3003 380 3060 tumultus
402 3019 497 3058 eorum
520 3004 566 3076 qui
588 3003 668 3058 simul
690 3004 717 3058 in
739 3001 832 3058 eadem
848 3011 1020 3059 asservantur
1035 3017 1087 3057 cu·

114 3085 218 3156 stedia,
245 3096 364 3144 mentem
391 3089 495 3161 agitant
524 3095 605 3160 atque
634 3087 809 3160 perturbant:
840 3088 923 3142 turris
952 3103 1021 3161 quac
1048 3084 1082 3140 ad

10 3175 14 3184 '
114 3170 245 3226 maiorem
267 3180 378 3246 portum
400 3174 427 3227 in
450 3172 547 3228 dextro
570 3171 645 3228 urbis
668 3171 769 3246 angulo
792 3179 851 3226 erat
872 3179 1009 3243 enuncia,
1038 3187 1080 3226 ca·

114 3253 280 3326 tapultarum
304 3258 339 3327 vi,
362 3255 461 3331 quibus
484 3256 579 3312 hostes
603 3273 666 3312 saxa
688 3255 866 3330 praegrandia
885 3256 1082 3322 iaculabantur,

114 3351 248 3392 concussa
271 3342 398 3413 primum,
421 3357 484 3396 mov
507 3349 640 3416 exparte
663 3340 769 3412 cecidit,
793 3341 826 3397 ab
841 3341 921 3396 huius
937 3342 1020 3396 turris
1036 3355 1084 3394 ex·

114 3419 185 3476 cidio
209 3423 331 3498 quinque
353 3433 418 3498 post
440 3423 534 3482 diebus
562 3441 657 3481 murus
680 3425 895 3500 propugnaculi,
924 3427 971 3498 qui
994 3424 1084 3480 fuerat

112 3511 194 3560 antea
218 3509 290 3563 turri
313 3500 494 3580 coniunctus,
522 3511 617 3568 eodem
644 3509 842 3586 catapultarum
864 3511 973 3584 ‘impetu
995 3508 1086 3564 disru-
