2550 3854
515 259 566 310 ab
584 259 667 310 von.
684 260 733 311 rv.
1048 239 1111 324 13‘5

143 399 246 456 suadeo
269 399 443 456 condoluisse
465 397 544 454 nobis
566 415 631 463 eos,
660 399 730 473 spud
760 415 830 472 quos
852 399 894 455 vel
916 395 1006 457 solum
1028 399 1109 476 Syra-

142 499 267 542 casarum
291 499 397 560 nomen·
412 481 566 556 devenerat)
589 483 666 539 valde
689 485 825 558 stupentis
842 485 931 556 animi,
958 484 1109 560 morboque

143 568 292 625 indolentia
333 570 453 642 apprime
487 566 633 624 laborantis
672 568 794 624 futurum
827 567 913 625 luisse
949 571 1109 626 existimavi.

142 653 180 708 lle
208 669 260 726 qua
287 669 316 708 re
344 652 541 727 Prophetarum
568 651 675 727 quidam
704 660 830 726 tanquam
860 669 893 709 ex
921 669 969 710 ore
997 653 1041 709 liei
1070 655 1111 710 sic

143 746 186 794 est
208 739 317 794 locutus
340 736 419 793 ‘llale
440 737 504 792 illos
526 739 616 810 accepi
638 735 742 811 flagris,
765 753 816 793 nee
830 744 920 794 tamen
936 737 1109 794 doluerunt?

144 824 183 878 Ac
204 824 227 878 si
242 837 415 896 quocumque
437 820 518 877 modo
534 823 716 878 narrationem
740 822 836 878 harum
851 839 942 878 rerum
958 823 1109 895 instituam,

143 905 213 962 bene
235 908 360 980 utrisque
382 905 538 962 consultum
561 907 626 962 erit:
655 906 720 984 mihi
744 923 853 980 quoqne
876 906 992 979 aliquam
1016 906 1110 963 all‘eret

143 993 306 1063 orationem,
329 1006 397 1064 quae
419 989 603 1046 moerentibus
625 991 678 1046 illis
695 990 844 1046 revelatum
860 992 892 1047 iri
907 989 1026 1063 conlido,
1051 991 1110 1066 qui·

57 1060 68 1080 ⁸
145 1076 196 1131 bus
218 1091 290 1132 nunc
311 1075 379 1132 male
402 1074 560 1131 discrucior.
606 1073 711 1149 Quippe
738 1075 777 1131 sic
799 1083 896 1131 natura
924 1084 1133 1150 comparatum·

143 1169 204 1231 est,
227 1167 258 1214 nt
280 1176 310 1215 ea
333 1175 402 1232 quae
424 1157 501 1215 nobis
524 1159 665 1216 molestiae
687 1167 769 1231 suut,
792 1161 816 1215 si
837 1175 962 1216 sermone
985 1160 1111 1233 vulgave-

145 1245 193 1313 ris,
216 1245 296 1299 animi
311 1243 401 1300 levent
416 1242 623 1316 aegritudinem,
646 1243 695 1299 tibi
716 1260 780 1300 vero
796 1261 899 1300 merces
915 1245 1024 1300 minime
1039 1243 1111 1300 llura

145 1327 208 1383 hinc
237 1327 355 1395 accedet,
384 1329 406 1382 si
434 1327 624 1400 compatiendo
652 1328 778 1402 lacrymis
806 1328 988 1384 narrationem
1017 1344 1111 1403 prose·

146 1413 248 1486 queris.
293 1412 321 1466 ln
349 1413 468 1468 hostium
496 1411 605 1467 tandem
633 1419 797 1486 potestatem
832 1413 1004 1468 devenimus:
1038 1415 1110 1487 capti
1127 1409 1162 1460 8⁸

143 1497 253 1552 demum
278 1497 388 1568 luimus,
412 1513 428 1551 o
451 1495 491 1550 vir
513 1495 610 1551 divinis
633 1495 782 1552 honoribus
804 1496 958 1570 periuncte,
981 1513 1031 1553 nec
1046 1514 1112 1553 sane

108 1579 116 1586 ”
145 1581 239 1654 peiora
261 1587 326 1636 sunt
348 1579 551 1653 hierosolymae
573 1589 700 1653 expertae
722 1596 782 1636 cum
804 1589 975 1655 caperentur,
1000 1598 1051 1638 uec
1065 1581 1112 1637 Sa·

146 1667 229 1720 maria
251 1666 327 1740 prior
350 1663 543 1737 Hierosolymis
570 1673 734 1739 expugnata.
780 1665 897 1720 'landem
925 1667 997 1738 passi
1017 1681 1112 1722 sumus

145 1749 346 1824 direptionem,
375 1765 453 1822 quam
476 1765 531 1804 non
559 1749 663 1804 insulae
684 1748 787 1806 Chetim
818 1765 937 1824 unquam
965 1765 1112 1824 agnovere,

145 1850 203 1889 non
225 1836 351 1908 regiones
373 1832 536 1904 barbaricae,
560 1850 616 1888 non
640 1831 719 1890 urbes
742 1849 921 1908 quaecunque
944 1834 971 1889 in
994 1834 1111 1891 medium
1194 1834 1201 1844 '

147 1919 239 1975 afferri
261 1926 384 1992 possent.
420 1915 556 1974 Eiusmodi
581 1917 631 1974 luit
654 1917 706 1980 hod
729 1919 871 1988 excidium,
894 1925 925 1974 ut
947 1918 1043 1975 eodem
1058 1919 1110 1990 die,

146 2002 245 2076 quibus
268 2011 346 2059 antea
368 2011 570 2077 propugnatum
593 2009 665 2066 erat,
695 2019 774 2060 arcus
797 2007 825 2060 et
847 2004 988 2078 pharetras
1011 2005 1113 2059 contri·

147 2089 227 2159 verit,
250 2103 331 2157 arma,
356 2087 484 2161 gladium,
507 2095 535 2144 et
557 2086 656 2143 bellum
675 2088 813 2161 deiecerit,
835 2097 964 2144 strenuos
987 2104 1113 2161 quosque

145 2171 335 2235 debilitaverit,
359 2181 632 2246 propugnatoresque
653 2161 780 2247 gigantes
810 2170 859 2246 (sic
881 2174 952 2228 enim
975 2174 1113 2247 magnani-

148 2273 207 2312 mos
230 2257 293 2312 illos
315 2255 515 2330 appellaverim,
539 2258 585 2329 qui
607 2258 718 2330 egregie
741 2273 851 2331 operam
873 2273 948 2312 suam
971 2257 1113 2330 praestite-

147 2349 229 2412 runt,
256 2342 347 2414 quiet
373 2341 469 2396 lamera
493 2348 571 2396 antea
594 2341 724 2409 tolerare,
754 2349 782 2397 et
804 2340 909 2396 labores
933 2357 1113 2414 quoscunque

146 2425 251 2497 subire,
274 2432 301 2481 et
324 2423 479 2481 vulneribus
495 2422 591 2482 confici
606 2441 692 2498 prope
707 2423 819 2481 inlinitis
839 2441 890 2499 pro
906 2423 1006 2481 Christi
1021 2441 1112 2480 amore

150 2527 204 2565 non
233 2510 407 2579 dubitarunt,
436 2517 464 2565 et
490 2510 553 2583 post'
587 2517 691 2582 captam
728 2508 821 2565 urbem
850 2509 947 2583 gladiis
976 2510 1114 2565 contruci-

146 2593 206 2650 dati
227 2593 300 2669 sunt)
324 2595 444 2650 hostium
472 2593 616 2650 violentiae
644 2593 742 2649 cedere
770 2596 901 2668 coegerit.
945 2593 1064 2650 ’landem
1086 2595 1114 2649 in

149 2679 269 2735 hostium
292 2695 386 2739 manus
408 2678 561 2750 incidimus,
583 2695 646 2734 cum
668 2687 748 2734 antea
769 2679 815 2734 diu
837 2695 867 2734 ac
888 2679 999 2752 saepius
1015 2677 1115 2734 luisset

147 2763 183 2819 ad
205 2780 297 2819 muros
319 2771 538 2844 propugnatum,
566 2779 628 2819 cum
650 2765 730 2819 etiam
753 2763 837 2819 navali
865 2763 966 2836 praelio
990 2762 1116 2834 (horren-

148 2847 214 2902 dum
237 2864 302 2904 sane
329 2847 529 2922 spectaculum,
552 2849 674 2921 ipsisque
695 2849 859 2904 intuentium
881 2847 968 2903 oculis
989 2855 1115 2904 conster-
1190 2867 1193 2874 ·

98 2951 105 2957 ·
137 2930 287 2988 'nationem
303 2935 480 3007 ingenerans:
502 2941 695 2989 consternatur
709 2934 780 2988 enim
796 2940 922 3006 aspectus
939 2948 1028 2988 rerum
1044 2941 1116 2988 atro·

147 3017 231 3074 citate
254 3034 323 3090 quae
339 3033 419 3090 saepe
435 3017 473 3072 illi
490 3015 660 3088 obiiciantur)
684 3016 767 3073 luerit
781 3017 921 3073 multoties
937 3015 1114 3072 decertatum.

149 3103 219 3158 Victi
241 3102 342 3158 luimus
370 3110 433 3175 post
456 3101 554 3157 multas
577 3111 713 3158 nocturno
743 3109 866 3176 tempore
889 3100 974 3157 iactas
997 3099 1117 3157 obsidio·

150 3202 212 3256 nes,
234 3195 262 3242 et
284 3186 398 3242 hostiles
420 3185 542 3258 insidias,
565 3195 628 3260 post
650 3185 770 3242 admotas
787 3185 871 3242 muris
887 3185 1034 3257 machinas,
1057 3186 1116 3258 qui·

151 3269 202 3326 bus
225 3279 313 3327 toturn
336 3271 393 3327 lere
416 3273 484 3326 diem
508 3271 698 3342 tundebantur,
722 3261 794 3345 post'
808 3286 915 3343 gravem
930 3269 1003 3326 illam
1025 3271 1051 3324 in
1067 3285 1116 3325 no·

105 3393 108 3400 ,
149 3363 208 3409 stra
230 3357 435 3431 propugnacula
456 3356 575 3428 lapidum
598 3357 782 3430 proiectorum
797 3355 955 3430 procellam,
979 3361 1042 3428 post
1056 3353 1116 3409 illas

152 3436 258 3494 urbium
280 3442 435 3498 vastatriues
460 3439 619 3512 testudines,
643 3456 791 3514 murosque
813 3440 1023 3510 subterraneos,
1046 3455 1116 3511 quos

45 3588 47 3592 ι
152 3531 263 3580 vocant:
286 3525 352 3580 nihil
375 3528 445 3582 enim
462 3525 560 3581 horum
576 3542 645 3600 quae
667 3525 700 3581 ad
716 3523 789 3581 urbis
807 3525 1037 3600 expuguationem
1053 3539 1117 3579 cen·
