2550 3854
142 225 202 291 132
480 225 761 280 uuuouuntouus

139 370 192 425 Aio
213 370 336 441 denique
358 386 376 423 a
394 366 557 424 Beneuento
574 383 632 438 per
649 367 798 438 Sipontum
816 367 920 424 Barim
939 369 1105 441 profectus,

140 467 334 526 superquam
357 450 574 508 Constantinum
596 453 789 524 Aupustarum
809 455 937 508 aulicam
959 459 986 508 et
1005 453 1104 509 Patri-

141 539 215 594 cium
241 539 410 612 iusideute'm
436 539 559 608 reperii,
593 537 715 592 rebelles
740 535 954 606 Imperatorum
984 540 1106 594 uiriliter

139 626 369 696 impupuautem:
403 623 543 698 aduersus
569 635 651 693 quem
677 622 772 676 dictus
797 620 849 678 Aio
871 621 968 692 saltus
993 624 1105 678 auxilio

139 707 365 787 Ismaelilarum,
389 713 416 762 ct
432 708 556 763 uallatus
571 707 684 778 apmine
696 706 873 776 pedestrium
889 707 1106 778 Apuleieusium

140 791 287 848 audacter
306 795 464 864 inserpeas
481 794 575 862 primo
599 793 707 862 impetu
726 793 817 847 uictor
838 794 980 861 existens,
1004 792 1039 846 de
1054 791 1105 847 bo·

140 879 230 933 stibus
240 879 346 948 plures
360 875 525 948 interfeciti
545 876 646 931 deiude
662 893 680 932 a
697 874 891 945 Constantino,
909 879 959 947 qui
973 891 1039 946 cum
1053 878 1105 930 tri-

94 981 97 986 ·
141 963 194 1018 bus
209 962 332 1018 millibus
348 963 428 1032 equis
445 966 505 1015 tuto
521 960 687 1015 considebat
702 962 730 1014 in
746 961 820 1030 loco,
845 962 937 1016 aalide
952 959 1105 1030 contritus,

141 1050 191 1104 oisc
207 1063 271 1102 cum
292 1047 402 1119 aliquot
422 1045 521 1100 urbem
541 1045 655 1114 inprcdi
674 1047 764 1106 ualuit
779 1045 895 1115 Barim,
920 1047 1040 1118 reliquis
1055 1049 1106 1100 aut

139 1132 245 1203 pladiis
267 1136 318 1186 aut
346 1131 508 1201 captivitati
527 1129 649 1184 traditis.
695 1127 826 1200 Tandem,
856 1137 885 1184 ut
907 1130 943 1184 ait
965 1127 1036 1184 idem
1058 1127 1106 1182 lir-

141 1215 313 1288 chempertus
336 1230 394 1286 oap.
417 1213 471 1271 80:
495 1213 584 1269 Aiane
599 1215 714 1270 obsesso
729 1213 812 1284 iufra
828 1215 927 1271 urbem
949 1231 967 1268 a
984 1213 1107 1270 Graecis

140 1330 182 1340 -
197 1302 308 1372 lepatos
322 1313 391 1354 suos
406 1298 445 1354 ad
460 1297 675 1354 Constantinam
693 1298 854 1354 Patricium
868 1300 1028 1367 destinauit,
1054 1301 1107 1370 qui

141 1385 285 1441 residebat
306 1399 398 1456 supra
418 1384 523 1438 dictam
544 1383 658 1452 urbem,
682 1389 709 1438 et
732 1399 796 1438 cum
812 1399 844 1439 eo
862 1399 966 1454 pacem
984 1382 1104 1454 faciens

141 1471 240 1526 urbem
260 1472 384 1539 remisit,
413 1474 440 1523 et
461 1469 501 1524 ad
516 1470 641 1538 propria
662 1470 808 1536 remeauit.
854 1467 898 1524 Sic
920 1469 1006 1541 igitur
1027 1467 1126 1522 Raris-

140 1570 249 1609 rursum
277 1555 305 1609 in
333 1552 497 1608 Graecorum
525 1559 691 1624 potestatem
721 1553 809 1623 venit,
838 1553 952 1626 expulso
980 1552 1064 1607 Aiane
1090 1567 1105 1606 a

141 1638 318 1695 Constantino
340 1637 467 1705 Patricio,
491 1636 578 1692 donec
600 1635 777 1692 aGuisoardo
800 1638 833 1692 iis
856 1636 978 1710 adempta
1001 1643 1052 1707 est,
1075 1643 1107 1690 ut

141 1731 232 1779 narrat
254 1722 309 1778 Leo
333 1721 390 1776 Ost.
409 1719 438 1792 3,
454 1679 506 1776 44.
538 1719 609 1776 Haec
631 1737 714 1793 porro
737 1722 823 1777 lusius
846 1723 986 1794 prosecuti
1001 1737 1105 1792 sumus,

141 1807 216 1880 quod
238 1806 384 1862 Historiam
405 1803 560 1862 Nranoieam
582 1805 781 1900 quodammodo
803 1805 950 1862 illustrent.

206 1891 257 1962 28,
281 1891 330 1948 20.
355 1876 539 1966 Ῥαγούσιον]
563 1886 640 1956 Quod
660 1877 796 1944 Paodasv
818 1899 896 1946 vocat
911 1891 1114 1946 Constantinus-

140 1976 243 2048 Porph.
267 1975 301 2030 de
325 1973 402 2039 Adm,
404 1973 489 2067 Imp.
514 1990 572 2046 cap,
590 1971 629 2029 29
652 1990 684 2028 ex
708 1973 764 2034 ltal.
787 1975 900 2032 Rauso.

206 2059 256 2130 29,
279 2053 330 2120 4
347 2047 624 2134 epipiscopum]
654 2058 775 2129 luitis,
805 2067 835 2114 ut
859 2059 1025 2134 supradixi,
1047 2057 1106 2114 Lu-

140 2144 252 2218 doricus
275 2143 299 2198 ΙΙ
319 2143 386 2216 lmp.
409 2143 530 2199 Lotharii
553 2141 617 2216 lmp.
643 2140 730 2213 lilius,
754 2145 830 2200 cuius
854 2161 923 2200 uxor
945 2143 995 2198 luit
1017 2141 1106 2216 lugel-

140 2227 240 2302 berga,
269 2227 349 2283 Ducis
372 2227 476 2301 Spoleti
498 2225 562 2282 filia.
607 2226 754 2301 Utriusque
776 2231 899 2284 meminit
924 2228 1030 2284 Nicetes
1058 2226 1107 2282 Pa·

141 2313 243 2387 phlago
266 2314 294 2368 in
311 2313 364 2367 vita
381 2311 477 2386 ignatii
497 2311 569 2366 Patr.
586 2310 821 2386 Constantinopol.
842 2312 962 2369 scribens
979 2311 1105 2368 Photium

141 2398 213 2458 Patr
237 2396 498 2470 Constantinopolis
529 2397 617 2452 adhuc
644 2397 792 2470 superstite
813 2396 940 2454 Michaele
962 2395 1106 2470 Theophili

142 2481 208 2554 filio,
231 2498 292 2538 cum
315 2483 343 2537 iu
365 2481 503 2538 Nicolaum
526 2481 624 2555 Papam
647 2480 794 2538 anathema
813 2483 1028 2555 pronuntiasset,
1051 2479 1107 2536 sol·

45 2601 47 2606 ·
141 2566 258 2623 licitasse
280 2567 368 2622 missis
392 2565 550 2622 muneribus
571 2564 736 2622 Ludovicum
754 2557 843 2641 Ῥῆγα
865 2570 918 2642 τῆς
941 2560 1106 2640 Φραγγίας,

141 2643 193 2706 uui
213 2643 410 2726 Ἠγγιβέργνν
433 2637 526 2705 αὐτοῦ
548 2641 693 2748 peperolo,
720 2659 750 2706 ut
772 2651 910 2708 Nicolaum
933 2667 948 2705 e
970 2650 1034 2708 sede
1057 2665 1106 2706 sua

140 2735 319 2810 expellerent,
341 2736 530 2809 Imperatores,
554 2736 577 2790 si
599 2734 625 2790 id
641 2741 851 2808 exequerentur,
871 2734 1107 2808 Constantinopoli

141 2827 261 2876 creatum
289 2821 321 2875 iri
348 2819 514 2894 pollicitum:
543 2819 615 2892 quod
644 2821 662 2875 ii
684 2820 775 2875 statim
797 2822 864 2876 totis
894 2819 965 2876 uluis
992 2819 1106 2892 amplexi

141 2904 254 2961 fuerint.
286 2903 315 2959 ld
330 2905 419 2977 ipsum
435 2903 554 2960 retertur
574 2905 603 2958 in
618 2903 765 2978 appendIce
788 2903 820 2960 ad
837 2903 985 2962 Concilium
1001 2903 1021 2959 4
1037 2902 1107 2960 Gon·

142 2988 416 3062 stantinopolitanum
436 3005 494 3062 cap.
519 2987 537 3043 2
561 3003 592 3044 ae
613 2988 769 3044 ΡΙιοῑΙιιιιι
762 3005 789 3044 ιιι
811 2986 995 3045 conciliabulo
1019 2987 1051 3044 ab
1073 3003 1106 3043 eo

141 3082 237 3130 coacto
260 3079 356 3128 contra
378 3072 513 3146 lguatium
542 3079 571 3129 et
591 3072 730 3129 Ntcolaum
759 3073 808 3128 PP
831 3073 998 3130 ludovicum
1020 3072 1107 3173 Impe-

143 3166 278 3228 ratorem,
301 3165 328 3213 et
350 3156 537 3230 ingelbergam
559 3159 710 3252 Augustam
732 3158 907 3215 acclamasse.
928 3147 1028 3254 οὕνονς
1049 3143 1107 3214 οὖν

140 3236 412 3336 πλαστογραφήσας
434 3236 608 3334 ἰδιοχείρους
630 3257 755 3300 παντων
776 3229 973 3342 ὑπογραφνς,
996 3230 1107 3343 duppli-

143 3338 229 3400 ρενσε
252 3313 341 3381 uai'
323 3315 534 3398 ννενφήμησεν
556 3317 645 3394 εἰς
612 3344 668 3400 νην
682 3312 920 3384 aramiusreiaav
934 3316 1018 3404 αὕτῳ
1033 3323 1107 3384 σύν-

142 3405 214 3465 abor
236 3404 365 3504 βασιλέα
379 3403 435 3465 τιΙν
458 3405 629 3485 Λοδόηχον,
653 3400 760 3467 aab
726 3430 782 3486 την
802 3402 905 3509 'prel
906 3383 1019 3508 dippum
1041 3403 1106 3468 Ab·

142 3485 286 3560 νούσταν·
311 3481 385 3567 πρὸς
407 3482 446 3566 ἣν
468 3489 517 3550 aui
541 3491 689 3570 γέγραφεν
712 3487 869 3568 ἐπιστολὴν
890 3485 1039 3571 ευφημίας
1053 3514 1105 3553 πε-
