2554 3842
7 4 164 257 Γ
491 227 540 278 AD
559 227 640 283 vob.
658 227 711 279 111.
785 231 791 240 “
943 227 1087 289 ccxunu

119 365 186 421 λετο
202 359 371 442 δίκαια]’
336 384 371 421 τα
387 383 416 422 τε
432 361 585 423 δίκαια
549 385 601 438 της
621 356 732 435 πόλεως
752 352 889 438 ἀφείλετο
975 359 1087 460 ἠπείλει

119 443 293 542 διαθήσειν]
312 436 501 552 διαθήσειυ’
484 467 540 523 ηπε
542 448 596 507 ίλει
685 450 723 509 17
744 443 899 547 πάμμεγας
915 441 1088 526 Ἰωάννηςό

7 537 8 540 ’
119 524 344 636 Χρυσόστομος]
366 531 457 635 μέχας
477 526 546 611 κῆρ
569 525 803 610 όχρυσόστομος
820 522 961 609 Ἰωάννης
1048 539 1087 597 18

119 613 378 695 ἐπιγραφομένους
402 611 599 724 ἀνδριάντας]
622 611 909 718 ἀνδριανδριάυτους
934 623 984 695 (sic
1009 633 1087 680 κοίο-

121 699 224 808 burro}
225 721 466 801 μιγραφομενους
532 707 570 765 19
582 697 769 784 Ἀντιοχέων]
786 699 818 762 ἓν
833 695 981 783 ἀντιοχεία
1047 707 1087 766 25

119 785 169 847 καί
183 779 254 858 τοὺς
268 780 492 885 ἀρειανίζοντας
507 783 713 898 ίκδιάξμυτος]
730 791 810 848 addit.

182 867 256 943 230,
272 870 294 932 2
309 862 430 974 εκατον]
447 866 552 940 ἑκατόν
567 874 626 937 καὶ.
656 877 731 934 Etru
747 893 833 950 marg.
848 879 928 935 inser.
940 876 996 937 riu.
1008 877 1085 935 rubr.

7 963 9 1026 ἒ
120 955 187 1034 περὶ
202 965 258 1032 της
271 957 306 1035 β”
321 954 452 1018 συνόδου
538 957 706 1058 3τιατέρων
720 955 915 1066 θεοφόρων]
914 964 1024 1020 invertit

119 1042 316 1122 4προεξήρχε
318 1041 357 1140 v]
373 1043 556 1144 προεξήρχον
641 1051 660 1108 8
681 1034 844 1142 δμοσθενὲς
865 1041 917 1103 καὶ
936 1033 1086 1142 ὁμότιμον.

7 1139 9 1148 ’
119 1123 172 1186 τόν
188 1148 218 1186 τε
224 1120 469 1224 Μακεδόνιον]’
455 1121 615 1205 ομοοόσιόν
630 1151 660 1190 τε
675 1151 726 1188 και
719 1120 947 1228 ὁμοδόυαμον·
965 1126 1015 1187 καὶ
1032 1121 1085 1188 τόν

7 1283 11 1294 Ι
119 1205 301 1287 μακεδόυιον
387 1216 427 1273 21
445 1214 601 1287 Ναζιανζω
578 1205 789 1312 ἀ]υαζιανζδν
875 1217 915 1276 25
936 1210 988 1272 καὶ
1010 1213 1084 1294 των]

122 1296 182 1355 τάυ
255 1301 295 1358 32
312 1295 362 1356 καὶ
378 1319 421 1382 τῳ
409 1295 490 1376 μὲν
508 1298 633 1358 Θεοδοσί
631 1321 655 1383 ῳ
676 1292 731 1375 τήν
741 1293 957 1397 προσήκουσαν
971 1289 1086 1358 ἀπόνει-

118 1400 172 1456 μεν
189 1368 229 1452 ὦς
243 1381 404 1464 βασιλεῖ]
396 1359 447 1442 καί
462 1386 505 1466 τῷ
518 1384 574 1462 μὲν
557 1361 747 1463 νβαόιλει
714 1406 769 1460 την
784 1381 1005 1463 προσήκουσαν

181 1463 256 1544 231,
278 1464 358 1528 3
321 1490 357 1548 τη
372 1489 425 1528 του
413 1445 510 1528 υίόῦ
525 1468 721 1571 καταφρ]
684 1491 721 1551 τη
736 1490 864 1568 καταφρ
885 1487 937 1528 του
925 1467 1022 1528 υίοῦ

7 1627 9 1630 Ι
119 1556 137 1612 9
154 1548 301 1633 ἐκεινους]
318 1533 442 1625 ἐκείνοις
521 1558 559 1615 15
582 1529 811 1654 ἀνηγόρευσε]
794 1549 969 1632 αναγορεόει
1047 1557 1084 1614 16

7 1673 11 1728 3
117 1641 272 1716 μετασχεῖν
296 1628 406 1710 αάτοάς
431 1635 482 1698 καὶ
505 1639 558 1714 τῆς
583 1633 616 1698 ἓν
635 1661 698 1710 τοις
719 1633 833 1720 λόγοις]
856 1635 958 1698 δὲκαὶ
979 1637 1032 1711 τής
1053 1634 1086 1695 ἓν

7 1737 10 1768 r
118 1719 218 1800 λόγοις
232 1727 389 1801 μετασχειν
409 1715 521 1797 αάτυάς
608 1729 646 1786 17
667 1720 818 1830 Ἀρσένιον
838 1725 890 1823 τής
904 1718 968 1781 ἐκεῖ
979 1717 1083 1797 ἐκκλη-

7 1805 10 1828 ²
118 1801 216 1878 σίας”
199 1827 272 1866 οντα
287 1805 429 1868 διάκονον
443 1805 492 1867 ε’πί
507 1805 605 1888 λόγοις
623 1830 654 1868 τε
670 1830 720 1868 και
711 1799 882 1916 ἀρετή]’
864 1805 1003 1908 αρσὲνιον
1020 1805 1086 1868 διά·

7 1947 8 1950 ,
118 1912 210 1951 κουον
225 1884 298 1953 ὅντα
315 1893 365 1970 τής
379 1890 437 1954 ε’κει
430 1889 608 1972 ἐκκλησίας
630 1892 678 1956 ἐπί
694 1895 785 1974 σοφία
799 1917 830 1956 τε·
820 1884 927 1954 καλ’
912 1894 1001 1976 αρετή

119 1979 159 2039 26
174 1971 318 2060 εστηκάς]
336 1970 435 2078 ἕστάς.

8 2113 10 2146 4
181 2048 464 2139 232,110οι]τος’
450 2087 466 2124 ο
486 2055 673 2163 βασιλεμς]
661 2086 678 2124 ο
697 2057 838 2144 βασιλείς
857 2051 953 2136 οὗτος.
998 2067 1031 2124 Et
1051 2073 1085 2127 ad

8 2153 10 2186 ⁵
117 2166 203 2243 marg.
220 2156 301 2210 inser.
317 2152 372 2211 litt.
389 2153 464 2210 rubr.
480 2141 599 2226 τελευτή
613 2149 772 2210 θεοδοσίοο
840 2153 879 2209 14
895 2147 946 2208 καὶ
962 2142 998 2208 τά
1012 2149 1083 2253 περὶ

118 2223 215 2310 αὐτὴν
230 2245 295 2334 post
304 2226 432 2315 Ροόμην]
450 2255 503 2295 om.
539 2237 572 2293 Et
586 2239 619 2294 ad
634 2255 720 2311 ωασπς
739 2239 821 2296 inser
842 2237 943 2294 litteris
959 2236 1081 2294 rubr.<.⁷‚'·

9 2383 11 2404 V
117 2315 254 2404 βασιλεία
275 2309 386 2397 ἀρκαδί
385 2339 428 2379 ου
475 2322 588 2394 (Puncta
615 2325 771 2420 praeposita
792 2323 950 2378 reseruntur
969 2320 1002 2378 νδ
1023 2340 1081 2398 seq

9 2473 10 2484 χ
116 2392 224 2480 ἦρχεν)
313 2407 351 2465 15
378 2397 555 2508 6666Qr63‘
541 2398 640 2465 οπόσα
665 2395 818 2478 Ῥωμαίοις
841 2395 921 2482 ἦσαν
952 2393 1083 2476 ὑπήκοα.

117 2482 196 2547 οὕτω
210 2487 441 2594 διμνεμηθείσης
462 2493 523 2562 τοῖς
537 2507 590 2548 του
578 2486 766 2547 Θεοδοσίου
781 2486 911 2559 υίοῖς
874 2507 928 2563 της
942 2486 1002 2547 τῶν
1017 2482 1083 2550 Ρω-

9 2579 11 2632 ἑ
117 2573 223 2672 μαίων
233 2564 436 2678 ἡγεμονίας
413 2595 486 2678 ηρχε
501 2582 555 2652 της
575 2570 686 2645 οἰκείας
705 2572 811 2651 μοίρας
825 2563 1085 2678 ἕκάτερος]ηρχευ

9 2679 10 2728 r
116 2655 191 2756 μὲν
187 2640 242 2716 οὖν
259 2655 396 2733 ἑκάτερος
416 2657 531 2719 τοότων
553 2659 607 2735 τής
620 2649 862 2760 ἀπονεμηθείσης
876 2653 1035 2761 μοίρας’
997 2681 1080 2761 αυτω

119 2747 158 2805 18
172 2766 211 2821 ην
231 2737 293 2819 όμ.
312 2735 405 2825 ’.Αρσ]
427 2735 495 2822 ὀμ.
515 2739 581 2823 ἀρσ.
602 2764 642 2818 ην
728 2737 800 2804 21‘
790 2735 835 2803 ότι
858 2738 939 2826 αόνῳ
929 2720 1081 2822 ίπιβοό-

10 2875 12 2904 z
118 2827 215 2909 λευσε]
234 2827 282 2888 δια
297 2851 352 2907 την
367 2851 421 2888 κατ
450 2851 543 2890 αυτου
558 2822 720 2907 ἐπιβουλήν
783 2831 823 2890 23
839 2849 892 2888 του
879 2804 991 2900 ίτους
1006 2827 1084 2890 ἐκεί-

10 2911 11 2950 ³
119 2913 189 3012 νου]
205 2935 257 2974 om.
346 2917 385 2976 26
400 2911 600 3022 συγχυρήσοι]
620 2911 806 3012 συγχωρήσει
891 2916 931 3014 27
947 2909 1081 2997 ποιήσοι]

118 3015 235 3072 ποιησει
320 3021 361 3058 τω
377 3012 440 3060 ante
455 2997 611 3081 Ξμηρ]οοο
699 3003 739 3062 31
755 2989 851 3078 αυτω]
867 3017 969 3058 αυτου

179 3079 252 3165 233,
275 3080 296 3144 2
317 3060 370 3161 τής
384 3080 512 3164 μεγάλης
526 3079 840 3190 μεταστειλάμενος]
824 3074 944 3162 αγαγάν
964 3085 1018 3162 τῆς
1032 3107 1083 3162 με·
1089 3143 1092 3150 .

118 3161 220 3273 χάλης.
256 3172 289 3228 Et
312 3173 345 3229 οδ
366 3190 455 3247 marg.
468 3173 550 3231 inser
571 3173 625 3230 liu.
641 3173 715 3230 rubr.
732 3167 798 3244 περὶ
814 3167 867 3227 τοῦ
882 3164 1084 3247 χρυσοστόμου

116 3250 196 3326 ὅπως
210 3249 313 3332 γέγονε
327 3248 487 3352 πριάρχηςο
499 3287 541 3301 -
606 3247 658 3312 46
674 3246 817 3333 ἀρκάδιος
833 3265 898 3352 post
912 3251 1080 3360 μαλθακός]

118 3359 172 3401 om.
238 3331 413 3416 ὅκατήχετο
427 3338 506 3444 δυο]
522 3333 683 3416 κατήρχετο
770 3343 787 3400 7
808 3330 904 3441 παρα]
926 3336 977 3399 καὶ
999 3359 1082 3416 παρα

167 3417 275 3483 τούτου
290 3436 352 3484 aute
367 3419 514 3522 πατρός]
511 3443 566 3484 om.
624 3427 664 3486 18
680 3418 736 3482 οὐκ
753 3418 874 3482 ἐπαόετο
890 3437 955 3500 pust
969 3421 1079 3501 κινῶν]

117 3520 179 3570 aute
200 3501 275 3568 κατὰ
296 3508 355 3568 τῶν
429 3513 466 3570 19
482 3498 534 3581 τάς
548 3527 615 3588 περι
607 3500 749 3580 ἀδικίας
770 3506 959 3576 διδασκαλίας
974 3502 1079 3586 ἕαυτή]

887 3603 931 3682 q*
