2550 3854
181 213 243 280 136
526 213 807 268 nuuornrrouss

184 357 313 413 sebantnr
334 354 446 426 idonea,
475 356 638 412 intentatum
661 354 831 428 reliquerunt
858 357 876 412 ii
899 356 997 430 quibus
1021 357 1150 414 obsiden-

183 441 233 498 dae
262 440 336 498 urbis
364 455 426 496 cura
455 439 640 511 incumbebat,
669 456 784 512 quorum
813 440 971 514 iampridem
999 441 1155 517 potiundae

185 525 258 582 urbis
282 524 414 602 cupiditas
430 525 533 580 animos
554 523 776 594 inflammaverat,
799 541 902 580 summa
917 527 1068 583 animorum
1082 543 1154 583 con·

184 611 306 668 tentione
328 607 510 680 decertabant,
534 625 589 682 quo
613 609 728 682 quisque
750 617 829 683 pacto
852 612 966 666 caeteris
986 619 1152 685 praestaret,

183 711 265 752 novas
295 697 321 752 in
344 694 402 750 dies
424 693 549 767 singulos
577 693 712 750 machinas
735 693 933 768 excogitando,
959 695 1058 770 quibus
1081 694 1148 752 urbs

181 781 240 854 capi
262 781 387 853 diruique
409 778 514 834 facilius
537 785 640 852 posset.
678 777 843 852 Quamquam
866 778 898 834 ab
920 781 995 837 hisce
1017 780 1087 836 Deus
1110 779 1150 835 al·

182 865 286 922 tissima
308 863 415 922 consilii
437 864 542 919 ratione
565 861 714 918 admirabili
735 879 786 920 nos
802 863 1001 936 quodammodo
1017 867 1146 938 protexit.

182 948 250 1018 Quid
273 967 338 1006 vero
361 963 473 1006 necesse
495 956 537 1004 est
560 964 635 1004 more
658 950 761 1022 tragico
784 948 929 1004 eiulantem
951 949 1033 1006 latius
1055 965 1149 1023 perse·

181 1036 228 1108 qui
256 1041 385 1109 quantam
414 1041 441 1089 et
470 1033 575 1107 qualem
604 1033 631 1088 in
654 1049 703 1089 nos
733 1031 866 1090 malorum
895 1035 1052 1108 congeriem
1074 1035 1148 1089 inre·

177 1119 246 1174 here
268 1135 376 1174 summo
405 1117 495 1174 studio
517 1119 606 1174 conati
635 1109 699 1175 sunt
721 1118 833 1174 hostes?
862 1117 926 1192 quid
952 1119 1083 1176 indictum
1106 1119 1150 1174 in-

181 1202 337 1278 lectumque
365 1203 548 1276 reliquerunt,
573 1202 650 1276 ‘quod
679 1203 711 1258 ad
740 1204 864 1259 timorem
898 1204 1083 1262 incutiendum
1107 1205 1150 1260 'iis

183 1289 230 1361 qui
257 1286 448 1344 detinebantur
476 1287 595 1360 obsessi,
625 1289 785 1362 animosque
814 1289 1035 1346 consternendos·
1059 1289 1149 1346 lacere

183 1373 269 1428 visum
292 1372 381 1428 esset?
409 1380 517 1447 tempus
540 1373 682 1445 admonet,
712 1382 743 1429 ut
764 1371 797 1428 ad
827 1389 858 1430 ea
881 1389 949 1448 quae
972 1377 1046 1430 intus
1069 1391 1149 1448 gere·

181 1457 282 1514 bantur
310 1457 459 1514 orationem
487 1465 690 1529 convertamus,
719 1457 808 1531 deque
836 1459 869 1514 iis
897 1460 1030 1515 excursim
1058 1458 1149 1532 aliqua

181 1542 313 1600 dicamus.
357 1542 434 1598 Foris
453 1541 578 1598 vasnbat
599 1542 715 1614 gladius,
739 1550 766 1598 et
782 1544 861 1607 ,intus
884 1559 975 1616 pavor,
1000 1552 1030 1599 ut
1052 1559 1150 1617 perve-

182 1635 258 1684 tusto
280 1627 328 1683 illo
352 1627 462 1683 oraculo
485 1626 596 1700 Moysen
617 1643 661 1682 res
676 1636 784 1682 nostras
800 1628 969 1690 vaticinatum
993 1644 1053 1684 esse
1068 1627 1151 1700 plane

183 1713 399 1768 asseveraverim.
438 1711 502 1767 Cum
520 1713 590 1766 enim
613 1727 699 1785 aeque
721 1728 753 1767 ac
773 1712 876 1786 populo
899 1712 1006 1768 israelis
1022 1713 1049 1768 in
1065 1711 1151 1766 licum

182 1805 245 1862 aute
268 1812 282 1851 a
305 1794 383 1852 nobis
405 1803 545 1869 peccatum
568 1805 651 1868 esset,
674 1795 790 1852 eundem
813 1812 892 1869 quem
916 1796 980 1853 olim
1001 1796 1057 1867 ille,
1080 1795 1148 1851 dlvi-

182 1897 232 1936 nae
254 1878 407 1938 iracundiae
430 1879 537 1936 calicem
561 1881 723 1953 potavimus,
748 1882 817 1954 capti
840 1897 944 1953 sumus,
967 1890 1150 1955 posteaquam
1166 1926 1178 1940 .

183 1981 265 2038 aegre
280 1964 434 2020 diuturnam
451 1963 547 2020 samem
562 1963 761 2039 herbarumque
776 1967 849 2022 victu
866 1963 1054 2022 toleravimus:
1070 1973 1151 2039 post·

182 2065 296 2124 eaquam
318 2046 426 2104 sordida
442 2065 566 2122 quaeque
581 2065 672 2104 rerum
689 2057 810 2124 egestate
827 2045 969 2124 compulsi,
992 2052 1018 2106 in
1036 2067 1067 2106 os
1082 2066 1147 2106 con·

183 2132 328 2207 gessimus.
374 2130 452 2200 Quin·
472 2140 499 2188 et
527 2133 559 2189 ad
581 2132 729 2190 liberorum
758 2135 838 2190 etiam
868 2137 1049 2192 comestiones
1078 2133 1146 2205 (rem

183 2217 311 2274 nefariam
335 2226 363 2274 et
385 2217 494 2274 silentio
517 2215 750 2292 praetereundam)
774 2219 967 2293 processimus,
991 2236 1051 2276 cum
1068 2225 1150 2274 antea

182 2319 233 2360 nec
255 2301 288 2358 ab
311 2303 443 2360 humanae
470 2304 557 2358 carnis
581 2319 629 2358 esu
658 2300 721 2377 (heu
745 2320 825 2378 quam
847 2304 1013 2360 horrendum
1042 2303 1153 2378 specta‘

182 2383 284 2460 culum)
307 2387 506 2444 abhorruimus.
550 2387 602 2443 Sed
630 2390 692 2462 quis
720 2388 786 2444 haec
812 2405 863 2462 pro
888 2389 1021 2464 dignitate
1044 2389 1147 2461 tragice

182 2471 381 2546 deploraverit?
409 2488 465 2528 non
488 2489 503 2526 a
525 2473 605 2527 coriis
627 2471 789 2547 bubulisque
817 2473 934 2547 pellibus
957 2472 1148 2543 abstinuimus,

181 2573 237 2612 non
260 2556 293 2612 ab
315 2557 373 2613 aliis
397 2556 613 2630 quibuscumque
634 2556 730 2630 rebus,
758 2574 827 2631 quae
850 2558 920 2615 lame
943 2560 1046 2616 enectis
1069 2556 1147 2630 quid·

182 2658 262 2716 quam
284 2641 373 2698 solatii
397 2641 492 2697 allerre
519 2657 601 2714 posse
623 2642 815 2717 crederentur,
844 2660 878 2700 ne
907 2641 1014 2700 ossibus
1037 2641 1147 2716 quidem

181 2723 263 2782 aridis
292 2735 453 2800 parcentes,
485 2725 659 2782 iniucundam
693 2727 771 2783 nobis
804 2744 915 2786 coenam
943 2726 1148 2802 apparebamus.

90 2865 92 2870 .
181 2809 285 2867 Novum
308 2810 451 2884 prolecto,
477 2818 506 2866 et
528 2809 560 2866 ab
583 2813 655 2866 omni
678 2811 832 2868 mortalium
856 2830 907 2869 usu
929 2812 1077 2870 abhorrens
1100 2810 1151 2867 ali·

182 2896 266 2950 menti
289 2911 386 2968 genus.
432 2894 537 2951 Etenim
561 2895 790 2969 Syracusanorum
813 2897 968 2972 complures
997 2893 1074 2972 (quid
1096 2897 1149 2951 ho·

130 2985 164 3034 89
183 2979 269 3034 mines
291 2996 346 3036 non
369 2981 443 3054 cogit
466 2980 549 3036 sames
570 2978 752 3055 importuosi)
778 2982 982 3056 quadrupedum
1006 2997 1068 3038 ossa
1090 2995 1149 3035 rno-

182 3063 239 3119 lere
261 3065 392 3138 primum,
422 3073 479 3121 tum
502 3081 586 3138 aquae
608 3065 776 3140 perpauaillo
799 3084 999 3142 conspergere,
1028 3065 1152 3140 quamvis

181 3146 289 3206 abunde
311 3149 390 3206 nobis
413 3165 495 3221 aquas
518 3149 551 3205 ad
573 3149 625 3205 hos
648 3167 715 3206 usus
738 3151 888 3208 Arethusae
910 3153 971 3208 lons
991 3149 1147 3225 suppedita-

181 3240 235 3304 ret,
259 3243 341 3307 atqoc
363 3234 416 3290 hoc
438 3235 548 3290 invento
571 3233 667 3290 samem
689 3233 792 3291 sedare⁴
806 3237 949 3292 miserrimi
964 3237 1086 3293 homines
1102 3249 1152 3290 co·

183 3317 328 3392 gebantur.
373 3318 426 3373 lam
450 3318 519 3373 enim
542 3319 625 3376 tritici
647 3319 753 3375 modius
775 3329 883 3377 centum
907 3330 934 3376 et
950 3321 1149 3395 quinquaginta·

182 3403 298 3458 nummis
321 3403 409 3456 aureis
434 3402 548 3457 vaenalls
571 3410 639 3474 erat,
661 3405 779 3478 pistores
800 3422 863 3462 vero
881 3405 969 3480 pluris
984 3404 1149 3474 vendebant,

182 3487 284 3560 quippe
312 3485 436 3542 ducentis
466 3487 569 3558 aureis,
600 3487 672 3545 unde
698 3485 778 3547 tiebat
806 3499 837 3545 ut
866 3489 979 3546 duarum
1007 3488 1151 3545 unciarum
