2548 3850
122 171 127 180 '
192 201 234 266 66
532 200 812 254 anuorurrouns

193 331 292 418 οἶκον]
313 341 441 398 Senatum
457 339 594 414 appellant
608 341 757 415 scriptores
772 341 909 415 byzantini
926 341 1020 397 aedem
1035 343 1064 397 iu
1080 359 1164 416 quam

193 425 309 482 Senatus
332 423 524 495 conveniebat,
548 426 576 480 in
599 441 651 499 qua
674 427 746 480 varia
768 433 846 482 erant
869 423 1005 498 aedilicia,
1028 433 1111 500 atque
1132 429 1163 483 iu
1264 493 1266 512 ρ

191 512 286 586 primis
308 509 428 580 Basilica,
451 525 501 564 seu
523 509 607 584 Regia
628 508 769 582 Porticus,
792 509 825 566 de
848 527 918 584 qua,
941 519 972 566 ut
994 510 1028 566 de
1050 509 1161 585 Senatu,

193 597 304 670 copiose
333 596 438 669 egimus
465 594 494 649 iu
516 592 752 667 Constantinopoli
780 593 879 650 Christ.
909 593 955 655 lib.
979 594 1008 654 2.
1037 602 1106 652 sect.
1131 595 1162 654 9.

193 698 220 736 u.
244 681 271 736 1.
302 680 392 752 Atque
415 679 483 734 banc
506 677 614 751 quidem
629 676 740 752 Regiam
755 678 906 750 Basilicam,
929 695 1010 752 quam
1024 672 1162 754 μέγιστον

194 753 279 819 οἷκον
302 771 380 820 vocat
401 762 534 833 Zonaras,
562 779 612 836 pro
634 761 698 818 loro
723 763 783 836 ipso
812 771 927 838 usurpat
948 763 1113 820 lustiuianus
1134 767 1165 821 in
1264 793 1266 836 3

193 847 304 906 Novella
319 847 370 906 82.
394 864 453 920 cap.
477 846 506 904 3.
529 841 732 902 καθεδοῦνται
755 839 788 904 δὲ
809 842 842 902 οἱ
860 840 995 903 δικασταὶ
1018 842 1163 920 διηνεκῶς

194 926 243 989 ἐπὶ
265 930 319 1003 τῆς
340 927 491 1005 βασιλείου
512 928 614 1000 στοᾶς,
638 923 670 985 ἐν
691 919 738 998 οἷς
759 925 812 987 καὶ
833 929 891 988 νῦν
913 927 1055 1000 olumnam
1078 926 1165 988 δικυλ-·

194 1013 306 1089 ζουσιν,
330 1025 384 1074 etc.
430 1015 574 1073 Sedebant
595 1023 689 1073 autem
704 1018 735 1073 hi
751 1020 880 1088 pedanei
892 1019 1003 1074 iudices
1018 1022 1164 1089 continue,

195 1111 222 1160 et
241 1119 320 1159 natac
340 1106 370 1158 in
391 1101 483 1174 Regia
506 1100 650 1172 Basilica,
672 1104 701 1157 in
722 1103 825 1174 quibas
847 1111 874 1159 et
891 1119 969 1160 nanc
984 1104 1167 1160 domunculis

190 1189 334 1257 iudicant,
356 1193 409 1242 etc.
453 1184 539 1240 Verba
562 1193 627 1241 sunt
641 1187 740 1242 veteris
762 1187 932 1262 interpretis,
956 1188 1002 1262 qui
1022 1185 1163 1242 Ponticum

194 1271 315 1346 Regiam,
338 1269 459 1344 Regiam
478 1267 634 1326 Basilicam
657 1272 748 1328 vertit.
782 1269 831 1326 Ubi
853 1281 994 1346 praeterea
1017 1271 1165 1328 observare

195 1365 237 1413 est
258 1357 287 1411 iu
308 1353 420 1411 Basilica
434 1353 734 1429 Constantinopolitaua
755 1357 843 1411 varias
865 1356 950 1412 luisse
965 1356 1109 1429 aediculas,
1131 1358 1163 1412 iu

195 1440 292 1515 quibus
315 1438 417 1496 iudices
440 1439 626 1514 considebant,
650 1447 681 1496 ut
704 1440 815 1496 hodie
807 1457 835 1496 in
853 1440 929 1497 lloris
945 1439 1162 1496 Parlamentariis

191 1526 287 1600 plures
310 1532 385 1597 suut,
408 1525 448 1580 uti
461 1533 603 1602 uocantur,
629 1523 780 1596 Gamerae,
802 1541 852 1581 seu
867 1525 988 1582 lodicum
1003 1541 1160 1582 consessus

195 1610 249 1667 Sed
272 1618 299 1666 et
321 1609 480 1701 Spuesius'
473 1626 501 1664 ιιι
523 1611 603 1683 epist.
620 1609 671 1666 57.
695 1597 750 1683 τὴν
772 1602 863 1668 στοὰν
885 1605 1037 1683 βασίλειον
1057 1597 1091 1664 τὸ
1106 1600 1163 1664 acai-

195 1693 244 1749 λαι
266 1687 420 1767 κριτήριον
442 1693 527 1750 luisse
550 1695 598 1766 ait,
622 1693 695 1752 urbis
718 1695 821 1752 scilicet
842 1693 912 1750 Pent
900 1695 1076 1770 tapolitanae.
1113 1695 1164 1751 Ne·

196 1796 249 1852 que
272 1778 350 1833 ahter
344 1781 489 1872 scriptor
511 1778 628 1834 ineditus
651 1779 722 1836 vitae
745 1779 772 1838 S.
795 1778 925 1878 Samopae
954 1788 981 1836 et
1004 1779 1164 1836 Sociorum:

195 1855 304 1928 νυκτὸς
325 1848 427 1934 οὔσης,
449 1855 517 1936 περὶ
534 1851 746 1956 ἀλεκτρυόνων
769 1851 888 1942 dtlg'
869 1857 977 1936 ανὲστη
1001 1854 1165 1958 ὁὴγεμοδγ,

197 1937 347 2020 λαμπάδες
375 1963 406 2001 τε
432 1940 484 2001 aad
513 1937 677 2021 δορυφόροι
703 1940 811 2041 rodopa
837 1940 1006 2048 προῄεσαν,
1035 1943 1087 2003 καὶ
1109 1935 1165 2019 τὴν

197 2024 357 2106 pauitantia
379 2023 538 2126 λεγομένην
559 2019 787 2172 ιιαιυλαβῶν,’
770 2050 894 2110 οτιοιιιερ
917 2025 1002 2111 αδτῳ
1022 2028 1056 2088 τδ
1083 2029 1167 2090 διιια-

197 2105 583 2271 Ξῖιιγριζιιεγαβυγκεκρόιητο,
611 2109 660 2172 ἕιτι
687 2115 741 2174 τοῦ
767 2113 901 2194 βήματος
930 2117 1065 2195 σοβαροῖς
1092 2137 1164 2194 arpo-

261 2303 386 2396 253,3.
410 2298 591 2404 Νυμφαιον]
616 2303 772 2363 Eustathius
795 2306 823 2362 ll.
848 2306 876 2364 3.
902 2305 1057 2380 νυμφεῖον,
1080 2320 1163 2380 τιερι-

196 2391 307 2470 accingi
330 2378 423 2465 λογῳ,
451 2379 583 2458 ὁτόιιος
611 2373 695 2445 ἐν
670 2408 693 2444 ω
717 2385 748 2445 οἱ
772 2387 905 2464 νυμφίοι.
949 2391 1015 2447 Vide
1044 2399 1166 2448 nostram

191 2473 461 2548 Constantinopolim
484 2472 531 2531 lib.
558 2474 585 2531 1.
609 2482 677 2532 sect.
702 2475 751 2536 26

261 2583 333 2658 253,
358 2585 407 2641 11.
440 2576 473 2638 ἐν
492 2575 670 2666 Ἀντιοχείᾳ]
695 2585 798 2642 Accidit
819 2587 864 2642 hic
887 2593 1089 2644 terraemotus
1112 2589 1166 2643 An·

197 2671 312 2727 tiochiae
334 2687 378 2726 an.
404 2669 432 2724 1.
455 2666 539 2726 Leon.
561 2671 637 2726 iuxta
658 2668 804 2746 Euagrium
826 2671 854 2742 2,
879 2671 929 2728 12.
962 2671 1165 2744 Theophanem,

197 2762 225 2810 et
246 2754 279 2809 al.
310 2753 403 2810 Tradit
425 2753 594 2810 Marcellinus
617 2753 712 2811 Comes
734 2755 853 2812 lsaacum
868 2756 1052 2812 Antiochense
1073 2755 1166 2812 Eccle-

196 2839 251 2893 siae
273 2836 465 2911 Presbyterum
493 2839 635 2912 scripsisse
663 2839 742 2914 elego
766 2841 882 2897 carmine
904 2841 974 2897 hanc
995 2841 1166 2898 Antiochiae

196 2939 321 2979 ruinam.

262 3021 339 3095 253,
364 3022 413 3080 12.
444 3011 568 3102 στιοδὸν]
601 3025 667 3082 Vide
690 3043 758 3100 quae
781 3027 814 3082 de
841 3027 894 3084 hoc
919 3027 1031 3100 puluere
1053 3033 1165 3082 annota-

195 3124 257 3163 mus
279 3109 307 3163 in
330 3116 423 3165 nostra
445 3109 682 3185 Constantinopoli
704 3110 752 3170 lib.
775 3111 805 3170 4.
828 3120 895 3168 sect.
920 3109 948 3167 5.
971 3129 998 3166 n.
1022 3110 1051 3166 2.

262 3215 339 3290 253,
370 3218 419 3276 16.
459 3209 535 3276 aava
567 3208 619 3276 τὸν
650 3209 737 3296 ἅγιον
763 3212 935 3297 Mapoura]
970 3220 1035 3276 Vide
1062 3220 1163 3277 Chron.

186 3301 340 3384 ‘Meranda
365 3320 408 3360 an.
434 3305 481 3361 12.
504 3305 589 3363 Leon.
613 3305 649 3362 lle
671 3305 823 3363 PalatioS.
846 3306 987 3363 Alamantis
1010 3307 1115 3381 egimus
1136 3307 1164 3361 in

197 3387 432 3462 Constantinopoli
454 3389 502 3446 lib.
518 3389 547 3446 4.
571 3397 638 3448 sect.
658 3390 706 3448 12.
730 3408 755 3448 n.
774 3390 802 3449 3.
852 3391 924 3447 lllius
947 3398 1089 3486 praeterea
1110 3405 1166 3446 lue·

197 3474 274 3530 minit
303 3480 399 3529 auctor
427 3489 474 3528 ms.
502 3476 573 3530 vitae
602 3475 629 3532 S
653 3475 810 3532 Andreae
802 3492 830 3532 m
858 3474 940 3532 Crisl:
968 3468 1020 3530 καὶ
1049 3463 1085 3545 δὴ
1108 3461 1166 3552 πρὸ
