2532 3844
184 211 277 263 OOXO
558 209 608 260 AD
626 209 709 261 VOL
728 209 775 264 IV

251 343 327 417 184,
355 343 375 407 3
408 338 632 443 ἐβουλεύσαντο.
660 342 809 423 προτέραν
831 335 901 406 8ὲὸ
929 340 1016 444 λόγος
1044 341 1151 426 ἑτέραν

182 430 258 494 κατὰ
287 431 357 494 τοῦ
367 427 471 532 βασιλί
472 453 510 502 ως
538 424 744 534 βιηγήσασθαι
770 437 830 489 νῦν
863 424 1065 490 ἐπανάστασιν
1097 429 1149 490 καὶ

183 510 260 582 οὕτω
281 514 358 598 πρὸς
370 509 434 620 τήγ
456 537 519 576 των
534 504 658 593 ἀνδρῶν
672 513 788 576 τούτων
803 504 1043 614 ἕπανελενσεται]
1065 512 1148 615 ἐβου-

182 596 338 665 λούσαντο
360 591 425 660 ἄλλ’
451 597 498 662 ἑτέ
466 597 605 698 τέρανκ.
630 621 652 664 τ,
674 599 703 678 β.
725 597 814 678 προτί
815 620 872 678 ραν
892 593 1005 664 τούτων
1026 598 1042 661 ὁ
1064 596 1151 680 λόγος

183 687 299 792 διχγησ
322 687 379 746 νῦν
402 679 628 746 ἐπανελεύσεται
715 687 754 744 22
778 683 981 764 περιλειφθεὶς
1001 687 1060 748 τῶν
1082 683 1150 748 ἕπο·

182 769 282 870 ρὲνοον
304 762 387 853 αὕτη)
409 766 688 832 διασκεδασθέντων
709 763 894 849 ἐξάγεται
857 792 910 846 της
924 765 1080 849 ἐκκλησίας
1095 768 1148 831 καλ

181 847 345 964 νπερορίαν
365 831 608 926 καταδικάζεται·
636 852 677 926 είς
698 854 786 914 τοῦτο
809 852 841 914 δὲ
861 851 941 928 τέλος
969 855 1037 938 τοῦ]
1066 877 1149 936 περι-

182 939 312 1019 ληφθεὶς
333 963 394 1002 των
416 937 500 1019 ἐπομ.
523 932 606 1040 αὐτφ
628 938 726 1000 διασκ.
750 960 785 1022 τη
772 936 944 1040 ἐκκλησία
964 939 1149 1020 προσπέφεα·

180 1047 253 1106 γον,
276 1020 352 1088 όθεν
374 1015 541 1104 ληφθελς’
524 1023 650 1103 οπερορί
648 1047 687 1084 αν
709 1001 979 1101 κατεδικάσθησί
951 1045 993 1098 ς
1014 1046 1101 1086 τοντο
1116 1022 1148 1088 δὲ

181 1108 263 1184 τέλος
285 1112 338 1172 τοῦ
425 1115 466 1174 26
488 1107 695 1210 ἔπιγελροντες]
719 1106 941 1210 ίπεγγελοῖντες

251 1193 321 1267 185,
346 1194 365 1258 8
388 1187 503 1277 αὐτοῖς]
527 1188 622 1270 αοτής
677 1197 749 1258 θλ
718 1191 836 1254 ἕλίανεν
852 1190 884 1254 ἐν
899 1187 1011 1277 λόγοις]
1028 1191 1148 1258 ίλαίανε

183 1274 284 1360 λόγοις
344 1284 383 1342 14
407 1277 550 1380 ἐκφῆναι]
575 1273 704 1355 ἐκφήναι
764 1283 802 1341 15
820 1300 875 1340 ουν
896 1291 961 1358 ροισι
976 1278 1076 1354 εδοξεν
1091 1301 1144 1342 om.

250 1363 320 1437 186,
344 1363 365 1426 4
386 1359 584 1464 ἕνεκελεοετο]
609 1361 759 1426 ἐκελεύετο
825 1369 843 1426 7
865 1365 918 1442 τῆς
940 1368 1083 1468 κεφαλῆς
1086 1377 1148 1428 ante

181 1471 310 1553 τριχον
312 1471 367 1512 om.
435 1457 476 1514 10
497 1472 557 1511 των
580 1461 642 1512 ante
664 1442 836 1510 Λυκαόνων
859 1470 913 1512 om.
985 1454 1024 1512 21
1047 1443 1142 1551 αὐτῶ]

180 1523 310 1618 αιίτηῖ
288 1557 336 1635 ην
405 1538 444 1598 27
461 1528 707 1634 ἐπιχειρήσαντα]
732 1531 952 1614 ἐπιχειρίσαντα
1029 1539 1071 1598 30
1092 1527 1149 1594 ὑπ’

181 1595 336 1701 αντήῖν]
319 1611 372 1680 κατ’
398 1611 479 1682 αὐτὸ.
570 1678 572 1682 .

245 1703 357 1776 1817
380 1702 446 1787 ἔχη]
471 1703 532 1783 ἔχοι
605 1702 645 1764 14
666 1697 874 1810 αὐτοκράτορα
895 1716 960 1783 post
982 1720 1147 1786 στρατήγον

181 1811 236 1850 om.
301 1792 340 1850 22
363 1765 452 1869 κέρας
473 1787 545 1888 τῶν]
571 1785 712 1865 κέρας
681 1810 727 1850 το.

245 1870 319 1944 188,
345 1871 385 1935 10
407 1867 578 1949 σοφώτατος
605 1885 669 1936 ante
693 1869 809 1946 Ψελλός
838 1894 891 1940 om.
979 1879 1017 1936 17
1040 1871 1148 1975 ἔθοργ·

179 1951 265 2062 βήθη
292 1951 333 2035 μή
346 1960 392 2058 β.
415 1955 515 2058 λέγον]
544 1953 699 2036 ἐθορύβει·
726 1952 822 2036 μήβ.
844 1957 937 2061 λέγων
1024 1963 1064 2022 18
1091 1980 1146 2020 τον
1264 1979 1265 2028 5

179 2035 298 2143 αὐτων]
322 2034 374 2101 τόν
396 2034 489 2102 αὐτὸν
577 2046 616 2104 27
639 2041 780 2125 τηρήσαι]
804 2039 945 2123 τηρήσειν
1029 2048 1067 2106 31
1092 2039 1147 2120 τήν

179 2117 370 2283 ἀρχ389τὴ3
390 2122 534 2274 οιιτήττιωρδχεὼι
534 2148 602 2284 1τὀις
629 2192 760 2309 πλήθεσι
786 2212 880 2274 ταῦτα
907 2216 970 2286 τοις
997 2230 1053 2276 σον
1081 2211 1145 2292 ἐμοὶ

178 2289 398 2379 ἇπαρέσκονσι,
411 2290 574 2394 διττας]’
557 2318 603 2358 οτι
625 2289 664 2397 δή
687 2303 748 2370 τοῖς
762 2297 894 2376 πλήθεσι
908 2297 1001 2360 ταῦτα
1016 2289 1087 2376 δίχ’
1068 2321 1146 2362 αποι·

179 2381 320 2487 ρίσκονσϊ
339 2372 438 2454 διττας
524 2385 566 2443 20
595 2373 676 2441 δι”
657 2404 745 2461 ομων
768 2403 820 2444 om
848 2394 953 2462 postu
955 2377 1018 2444 ἆολ
1105 2386 1143 2444 21

172 2460 268 2530 ’ἆνατί
267 2473 360 2544 θεμαι
373 2457 523 2568 ὖμοιν]ὗ
494 2470 633 2614 ἒχῶν
613 2455 794 2546 ἀνατίθεμαι
879 2471 920 2529 23
950 2466 1015 2636 ν]
1039 2491 1097 2530 νον

178 2556 220 2615 30
242 2550 308 2626 ἔδοξ
293 2553 340 2626 ξεν
360 2545 469 2632 απασι]

177 2657 228 2715 pro
253 2630 292 2709 ὥς
378 2641 418 2699 32
440 2638 504 2737 της]
529 2627 585 2714 τήν
605 2637 668 2712 τῆς.

243 2717 613 2802 190,12σονήνεσαν]
604 2723 745 2782 οννΐεσαν
809 2725 848 2784 21
871 2721 998 2803 σκήψις]
1016 2715 1144 2800 σκήψεις

179 2809 218 2866 22
241 2795 454 2905 ἀπειληφότες]
477 2795 702 2884 παρειληφότες.

243 2881 680 2974 191,11ἀνταπεκρίθήσοιν]
703 2881 913 2969 ἀπεκρίθησαν
1001 2894 1039 2954 18
1062 2895 1142 2954 Prae·

178 2981 311 3053 scriptum
333 2979 433 3037 litten's
446 2980 535 3038 rubris
551 2977 685 3056 βασιλεία
700 2976 753 3036 τοῦ
768 2995 921 3053 κομνηνον
908 2973 1089 3038 ίσαακίοοε
1104 3011 1142 3021 -

545 2553 593 2652 ξγ
613 2545 744 2634 ι’ίπαοι(
730 2552 816 2634 (.οοττ
837 2557 896 2614 ead.
912 2550 964 2636 m.)
1034 2557 1070 2616 ib.
1093 2550 1146 2614 καλ
1261 2571 1262 2576 ’

180 3063 219 3121 18
248 3055 373 3139 γηραιός
400 3073 463 3122 ante
490 3057 613 3140 Μιχαήλ
640 3083 693 3122 om
781 3065 821 3125 22
843 3057 957 3133 πάντας
983 3074 1048 3139 ροσε
1069 3065 1144 3129 α’πο-
1258 3097 1259 3100 =

180 3139 250 3217 δούς
274 3166 327 3209 om.
416 3149 456 3208 29
480 3142 532 3206 τόν
555 3143 587 3207 δὲ
607 3145 709 3244 πατρ]
737 3138 789 3207 τὸν
810 3165 895 3225 πατρ.
920 3142 953 3206 δὲ
1037 3152 1077 3210 81
1101 3166 1142 3206 τι-

178 3227 262 3312 μαῖς]
286 3227 337 3289 καὶ
360 3235 458 3307 τιμαῖς
549 3236 593 3294 ib.
615 3221 837 3310 ὑπερηφάνοις]
859 3229 1083 3312 περιφανέσιν.

245 3310 576 3412 192,12βασιλείοις]
602 3315 753 3394 δημοσίοις
820 3319 860 3378 14
887 3310 1143 3396 κατασπαθησαν-

177 3393 593 3541 τιον]1κατασπασθησαντων
681 3404 720 3462 16
742 3423 794 3461 και
816 3419 870 3460 om.

245 3479 315 3552 l,93
338 3471 397 3542 4
381 3501 468 3558 αφιοσ
469 3482 532 3564 ον]
555 3479 686 3561 ἆφοσίον
774 3489 792 3547 6
814 3500 924 3546 απασιν
945 3475 984 3565 ἦν
1006 3479 1142 3568 μισητος]
