2550 3854
462 199 511 248 no
531 200 611 250 von.
630 201 677 250 ιι.
992 201 1053 268 159

80 339 115 395 ‘in
137 345 194 394 tros
209 347 236 394 et
251 340 446 413 quinquaginta
469 339 574 408 titulos,
596 355 645 395 seu
668 339 743 396 locos
766 357 934 415 communes,
957 343 989 400 ah
1005 361 1051 401 eo·

88 421 149 478 dem
172 423 367 494 Constantino,
395 432 442 479 aut
463 423 536 480 illius
564 425 639 480 iussu
662 425 869 498 comprehensa,
894 444 927 482 er
950 427 1050 501 quihus

87 506 141 562 duo
164 507 293 564 duntaxat
314 507 347 562 ad
371 525 422 564 nos
445 524 602 582 pervenere,
626 507 659 564 de
675 508 868 584 legationibus
883 512 999 584 scilicet,
1022 521 1050 570 et

87 589 122 646 de
144 591 293 650 Virtutibus
321 601 349 649 et
370 593 451 648 vitiis.
490 585 568 673 ‚titt-t
597 609 660 649 vero
690 610 759 667 quos
788 597 846 668 ipse
875 597 1049 670 conscripsit,

86 675 180 748 plnres
207 677 271 736 editi
299 676 447 750 habentur,
476 693 593 750 quorum
622 677 727 751 aliquot
754 679 782 734 in
812 696 895 736 unum
923 681 1049 737 volumen

86 763 224 834 compegit
245 761 358 818 loannes
381 761 529 818 llemsius:
558 777 618 817 nam
640 765 755 819 seorsim
784 763 889 838 aliquot
917 764 960 820 alii
984 765 1050 822 editi

85 851 223 918 prostant,
246 853 327 919 atque
349 847 494 920 inprimis
516 847 570 902 rita
593 845 681 903 Basilii
704 849 743 903 avi
766 847 938 921 lmperatoris
960 849 1049 922 publi·

8 963 10 1000 4
86 937 145 986 cata
167 932 283 1003 primum
306 947 320 986 a
342 929 435 986 Leone
459 930 568 1000 dilatio,
590 930 687 987 deinde
710 948 724 986 a
746 929 922 1003 Gomhclisio,
953 935 999 1007 qui
1022 941 1050 990 et

8 1011 11 1026 ¹
86 1015 145 1069 eius
168 1013 231 1070 de
223 1017 341 1088 imagine
362 1014 496 1070 Edessena
519 1017 699 1072 narrationem
721 1018 824 1089 pariter
846 1017 944 1088 edidit
968 1025 1050 1074 utet

85 1087 220 1172 Anonymi
243 1099 382 1155 historiam
405 1097 479 1155 libais
502 1098 522 1155 4
544 1100 767 1173 comprehensam
788 1101 946 1158 allichaele
962 1102 1049 1158 Theo-

84 1183 153 1254 phili
176 1181 272 1252 illio,
265 1200 292 1240 tn
315 1199 396 1257 quem
419 1183 519 1242 desinit
540 1183 692 1241 Chronicon
708 1185 891 1259 Theophanis,
915 1203 1000 1260 usque
1016 1187 1049 1242 ad

84 1266 242 1324 llichaelem
264 1267 434 1341 llethystam,
458 1285 537 1342 quum
553 1267 690 1341 quidem
683 1271 769 1343 ipsius
788 1270 979 1328 Constantini
974 1287 1049 1328 iussu

84 1353 279 1426 conscripsisse
302 1360 419 1408 testatur
440 1353 468 1408 in
481 1353 551 1408 libri
574 1353 654 1408 titulo
678 1371 709 1410 ac
731 1356 881 1428 prooemio,
905 1357 933 1412 in
950 1372 1005 1428 quo
1021 1363 1049 1412 et

85 1437 165 1492 vitam
193 1436 282 1492 Basilii
309 1435 461 1494 Macedonis
495 1435 527 1492 ab
555 1437 615 1510 ipso
644 1447 744 1510 nepote
772 1439 949 1496 Constantino
984 1441 1049 1496 mira

83 1522 218 1578 sermonis
241 1521 374 1596 elegantia
391 1521 577 1594 conscriptam
593 1529 718 1578 testatur.
756 1522 894 1578 Laudatur
909 1530 1049 1597 praeterea

83 1604 116 1662 ab
139 1605 239 1662 dilatio
262 1607 288 1661 in
310 1613 480 1680 syntagmate
502 1604 535 1660 de
552 1603 731 1679 Symeonihus
749 1606 845 1686 Sermo
868 1607 902 1662 de
916 1608 1049 1664 relatione

12 1761 15 1766 1
83 1692 208 1764 corporis
236 1691 265 1748 S.
295 1690 399 1746 loannis
428 1688 615 1764 chrysostomi
649 1691 676 1746 in
705 1690 807 1747 urbem.
858 1691 941 1747 llulta
967 1693 1049 1748 ctiam

81 1777 178 1833 stricta
202 1776 325 1832 oratione
347 1775 534 1848 composuisse
556 1782 676 1847 testatur
697 1775 831 1834 hocloco
852 1775 979 1832 Zonaras.
1011 1774 1049 1833 llr

82 1859 180 1933 quihus
204 1867 279 1933 patet
301 1861 411 1916 omnino
434 1857 638 1915 Constantinum
668 1875 723 1915 non
745 1860 826 1916 modo
848 1859 933 1918 luisse
952 1861 1049 1916 omni·

81 1943 131 2001 bns
154 1945 306 2018 disciplinis
327 1944 518 2016 cultissimum,
540 1943 588 2000 sed
611 1953 638 2000 et
660 1944 800 2000 literarum
823 1945 942 2002 extincta
964 1961 1049 2018 paene

79 2029 169 2088 studia
184 2045 296 2085 rursum
310 2029 486 2100 instaurasse,
510 2029 638 2102 virosque
654 2029 787 2101 eruditos,
807 2031 955 2104 propositis
971 2046 1049 2103 prae-

79 2116 150 2192 miis,
172 2113 209 2170 ad
231 2129 262 2168 ea
284 2112 466 2187 promovenda
489 2113 640 2186 impulisse.

144 2199 197 2271 67,
226 2197 272 2254 15.
306 2189 463 2272 δύσοργος]
487 2198 586 2252 Contra
601 2195 725 2253 Graeci
717 2199 779 2271 ipsi,
803 2197 872 2271 apud
887 2197 1048 2272 Linthpran·

79 2283 173 2340 dum
166 2301 195 2340 m
213 2283 295 2357 legat.
328 2278 532 2340 Constantinus
545 2282 723 2353 Imperator,
747 2282 838 2339 homo
843 2285 925 2352 lestis,
949 2286 979 2338 iu
991 2299 1047 2353 po·

79 2369 151 2426 lotio
166 2383 289 2426 monens
300 2373 445 2439 perpetuo
460 2373 513 2422 etc.

146 2453 204 2524 67,
233 2451 282 2510 24.
311 2443 327 2508 ὁ
359 2439 623 2526 παρακιιμιὶμινος
650 2445 821 2526 Bantinos]
851 2449 932 2506 lstius
959 2450 1048 2506 Basilii

79 2539 205 2596 meminit
227 2541 368 2610 praeterea
389 2535 584 2592 Constantinus
606 2534 640 2590 de
662 2534 769 2590 Admln.
792 2534 858 2608 lmp.
881 2551 941 2608 cap.
957 2533 998 2592 43
1020 2542 1049 2592 et

8 2637 10 2644 ’
79 2618 122 2680 50
145 2630 173 2678 et
196 2620 315 2678 Codinus
337 2624 365 2678 in
387 2618 461 2694 Orig.
484 2636 512 2679 n.
528 2619 579 2692 60,
602 2634 634 2676 ιιι
656 2619 754 2693 quibus
776 2618 905 2675 docemur
927 2618 1047 2690 domum,

59 2721 150 2778 ¹quae
174 2706 239 2762 olim
262 2707 371 2781 Asparis
392 2704 495 2776 luerat,
525 2703 690 2778 possedisse.
733 2703 799 2760 Vide
821 2701 991 2760 Lambeciunr
1015 2703 1048 2760 ad

79 2789 197 2847 eundem
221 2789 362 2848 Codinum.

145 2873 198 2946 67,
221 2874 272 2933 at.
303 2866 472 2951 ἐπιβουλαὶ]
501 2873 582 2930 lstius
608 2874 804 2930 coniurationis
832 2873 953 2930 meminit
975 2873 1048 2928 Ano·-

77 2975 179 3032 nymus
200 2960 230 3016 in
251 2961 305 3017 rita
327 2961 355 3018 S.
381 2958 498 3016 Lucae·
490 2959 604 3015 iunioris
626 2975 653 3032 p.
677 2957 747 3016 996.

144 3042 197 3116 68,
221 3042 272 3102 20.
302 3063 377 3101 coco
393 3039 543 3117 Ρωμαίων
564 3033 781 3110 ἐκπλεύσαντος
798 3026 880 3118 Ῥῶς]
904 3041 985 3116 lnger
1000 3058 1046 3114 ap·

76 3128 199 3200 pellatur
220 3143 235 3184 a
256 3127 442 3228 Liuthprando
466 3127 496 3201 ὁ,
520 3128 549 3187 6.

143 3213 203 3283 69,
228 3216 257 3275 4.
286 3205 439 3292 deterret]
472 3174 710 3287 liuthprandus
701 3227 730 3268 tn
757 3210 852 3285 legat
896 3211 1048 3268 Romanus

39 3287 47 3302 ‘
78 3286 248 3369 Imperator
264 3302 355 3371 pilium
376 3318 459 3358 suum
482 3289 728 3372 Theopltyloctum
749 3296 923 3354 Eunuchum
947 3295 1045 3352 Patri

77 3383 204 3440 orcham
221 3388 382 3444 constituit.-
405 3401 527 3458 cumque
541 3399 605 3440 cum
619 3380 749 3438 Atteasct
767 3382 911 3452 copiditas
929 3395 987 3435 ιιοιι
1001 3381 1046 3435 lu·

76 3475 162 3539 teret,
187 3469 282 3526 missis
297 3475 325 3528 ei
338 3471 505 3530 muneribus
526 3472 599 3526 satis
618 3469 730 3542 moysis
751 3466 849 3539 effecit
875 3470 907 3520 ιιι
928 3478 968 3520 erc
983 3461 1045 3518 Pa-
