2548 3850
502 241 552 294 An
570 241 1080 305 voi..1.11

114 371 183 452 θοάς
205 385 267 452 τοῖς
285 373 421 459 ’Ἄραψιν
442 377 683 486 μιτίῳρασεν
646 401 683 460 τῃ
705 377 768 463 ἰδία
789 377 945 463 διαλέκτῳ,
976 379 1080 458 μείνας

26 463 32 474 ’
113 463 146 526 ἐν
167 463 285 538 τούτοις
306 463 390 543 μέχρι
412 461 463 523 καὶ
485 456 541 540 τὴν
562 463 701 542 σήμερον.
732 439 766 523 ἐν
788 461 820 524 λλ
834 465 883 564 epi
905 465 1006 549 ςψνχί
1022 464 1080 526 ἔτει

112 547 190 692 Silhu.
216 547 310 627 1145)
339 539 467 626 ίντυχῶν
487 543 577 624 τήνδε
603 542 731 622 Ἀλέξιός
757 570 802 622 τις
823 539 884 609 άπὸ
906 550 1080 620 Βυζαντίων

132 637 221 707 οὖλος
242 630 385 734 αίχμητός
408 633 494 734 [eurr.
516 629 758 732 αίχμάλωτος]’
740 629 887 738 υπάρχων
907 635 1080 713 βασιλεῦσιν

51 731 56 742 ’
108 713 259 828 Ἀράβων,
281 710 334 791 τάς
355 710 475 797 γραφάς
496 710 596 778 καί
549 739 618 816 την
633 714 824 780 διάλεκτον”
803 742 895 797 αμφω
913 715 1079 798 γινώσκων,

8 809 10 842 l
112 805 163 864 καὶ
185 796 243 880 τὴν
265 799 445 902 ελιήχησιν’
426 792 588 882 αναγνοῦς,
611 797 743 880 ἐπόθησε
764 805 818 864 τοῦ
833 799 946 882 φράσαι
968 799 1080 881 ταύτην

106 883 264 1008 Puppim:
286 881 427 962 uuoue‘
409 887 578 988 seponerem,
600 891 868 990 σομμοιρτυροῦντα
889 888 940 949 καί
958 907 1080 993 suppop-

111 977 225 1034 νοῦντα
246 972 398 1074 *αἴγλῳν
419 965 476 1051 τὴν
497 995 559 1034 των
579 965 716 1078 Ἀράβῳν
738 965 861 1050 πεζικὴν
875 976 1018 1054 γλῶτταν.
1047 968 1081 1045 ὃς

7 1075 9 1124 ἑ
110 1057 163 1119 καὶ
184 1058 295 1204 ερχησε
315 1061 369 1120 τοῦ
391 1059 575 1136 ιλιορηθὴναι
603 1054 687 1141 αὐτῷ
708 1053 888 1140 παραθεού
910 1059 1081 1136 προθυμίας

7 1139 9 1162 ¹
110 1145 165 1204 τοῦ
186 1143 228 1218 είς
250 1143 331 1216 τέλος
352 1139 466 1220 ταύτην
481 1138 596 1222 ἐξάγειν
618 1155 671 1205 etc.
717 1143 771 1225 [Cf.
795 1150 814 1208 1.
832 1153 861 1206 A.
884 1149 998 1206 Fabricii
1013 1148 1078 1204 Cori.

7 1211 9 1298 ξ
111 1234 288 1309 pseudepigr.
312 1233 372 1290 Vet.
397 1233 469 1290 Test.
494 1233 554 1306 lp.
579 1232 661 1290 1136
684 1232 727 1290 ed.
752 1233 779 1290 2.
810 1228 911 1310 uiuo]

6 1383 9 1418 .
176 1323 249 1406 310,
274 1334 324 1393 17.
353 1321 508 1407 Αντιοχου
529 1328 584 1387 τοῦ
604 1322 743 1411 μεγάλου]
772 1333 854 1390 Cuius
877 1343 1028 1414 resugestas
1051 1343 1081 1390 et

6 1491 7 1496 ρ
109 1435 230 1495 pugnam
253 1435 315 1475 oum
338 1418 436 1474 Galatis
459 1417 492 1473 ab
515 1433 548 1474 eo
571 1419 752 1487 commissam,
774 1435 834 1474 eum
857 1421 914 1475 eius
928 1421 1080 1493 equitatum

6 1545 9 1556 .
110 1520 174 1561 eum
196 1503 347 1580 elephantis
370 1502 567 1578 profligarunt,
596 1509 626 1558 ut
649 1509 691 1558 est
714 1503 741 1558 in
764 1501 845 1558 loniis
867 1520 922 1558 mss
946 1501 1079 1559 Eudoeiae

110 1590 250 1664 Augustae
272 1595 300 1645 et
322 1587 393 1664 apud
416 1586 534 1644 Suiriam.

176 1689 253 1759 352,
277 1689 327 1747 28.
361 1672 594 1782 ἆνῃρίθνχδ’”
574 1706 614 1742 αν
640 1676 700 1744 ὑπὸ
724 1678 899 1744 Κασσίου
881 1705 898 1743 ο
925 1673 1077 1789 Μείλιχος]

111 1775 244 1850 Iosephus
273 1774 319 1835 lib.
350 1773 389 1830 14
416 1761 452 1828 τά
480 1765 512 1829 δὲ
540 1769 668 1852 Μαλίχῳ
697 1761 858 1845 κακοήθως
886 1761 960 1849 πρὸς
986 1759 1079 1830 αὐτὸν

11 1892 16 1900 -
111 1852 305 1937 δίακειμένῳ,
333 1843 481 1914 τάδ’ίίλ
468 1857 545 1926 λλοις
567 1853 744 1932 προσέταξεν
766 1847 1007 1930 εἰσπράττεσθαι,
1029 1875 1078 1933 pe·

111 1945 219 2002 eunom
242 1945 339 2018 parlim
361 1943 528 2018 llaliclro,a
550 1959 605 2017 quo
628 1945 740 2002 insidiae
763 1945 787 2001 ei
808 1943 994 2014 struebantur,
1018 1960 1079 2018 par·

110 2031 161 2087 iim
184 2027 242 2084 aliis
265 2027 424 2103 erigendam
446 2028 586 2084 mandavit.
618 2038 713 2086 nosler
735 2035 830 2086 auctor
852 2025 886 2100 (si
908 2028 975 2084 nihil
986 1985 1077 2100 lleest)

111 2131 145 2172 ex
168 2111 285 2187 abrupto
308 2114 377 2170 hano
404 2113 552 2170 clausulam
578 2116 670 2170 nescio
699 2131 754 2188 quo
782 2122 862 2188 pacto
889 2114 1021 2183 inseruit,
1048 2119 1079 2168 ut

109 2214 167 2254 nou
188 2197 359 2272 intelligatur
387 2215 437 2254 eur
459 2197 571 2253 ilalioho
599 2200 684 2254 iratus
714 2199 796 2253 luerit
821 2198 939 2253 Cassius.
974 2196 1022 2251 sed
1045 2213 1078 2252 ex

9 2346 14 2355 ι
109 2282 227 2356 losepho
255 2290 366 2356 apparet
393 2284 535 2356 pecuniam
568 2284 679 2357 segnius
707 2290 828 2337 exactam
860 2296 967 2336 causam
994 2279 1078 2336 luisse

5 2405 6 2420 .
109 2365 271 2424 iracundiae.
302 2367 347 2426 W.

175 2466 255 2538 353,
282 2468 312 2524 2.
345 2457 474 2541 Μάρκος
505 2451 531 2520 tl'
558 2459 591 2522 ἕν
618 2461 655 2545 τῇ
677 2461 775 2544 Συρίῳ
797 2459 982 2541 στρατηγῶν]
1018 2466 1078 2538 quis

5 2629 7 2642 y
110 2549 239 2609 llarcus?
269 2552 403 2608 Antonius
425 2569 459 2608 an
481 2553 579 2609 Brutus
603 2568 637 2607 an
652 2551 734 2608 aliosi
764 2549 895 2624 losephus
917 2551 997 2607 etiam
1020 2557 1079 2605 tau·

5 2657 7 2708 4
111 2645 169 2692 turn
191 2652 356 2710 praenomen
377 2637 431 2693 lroo
452 2638 539 2712 ponit.
568 2637 613 2694 W.

179 2736 252 2809 388,
275 2737 326 2795 30.
356 2729 388 2793 ἒν
410 2731 565 2833 παράπλῳ
579 2756 615 2817 ιχ
602 2733 752 2816 Κιλικίῳ
765 2725 950 2837 προσχόντας
974 2729 1078 2812 [προσι

112 2781 253 2898 σχόντας]
278 2821 427 2917 Iosephus
432 2815 463 2878 ἒν
485 2793 631 2924 παράπλῳ
645 2816 700 2896 μὲν
718 2795 910 2893 Ἐλοτίσης
874 2839 927 2892 της
940 2816 1079 2888 Κιλικίας

110 2901 305 2979 προσχόντας.
331 2906 376 2962 ubi
398 2925 429 2963 το
452 2901 506 2981 μὲν
523 2880 666 2980 Ἐλοάσης
681 2907 853 2981 depravatum
876 2922 936 2962 esse
955 2913 1076 2980 apparet.

111 2990 241 3048 Gelenius
264 2991 356 3062 vertit,
378 3001 410 3049 ut
431 2994 502 3050 inter
517 2992 696 3068 navigandum
712 2990 880 3066 appellerent
901 2990 935 3046 ad
955 2989 1079 3046 Eleosam

110 3075 242 3151 oppidum
257 3075 373 3148 Cilipiae.
400 3077 446 3134 W.
471 3073 632 3156 [iludsonus
655 3084 683 3133 et
699 3075 896 3149 llavereampus
913 3061 1077 3190 Ἐλεοάσχ]

176 3176 250 3247 400,
274 3176 324 3234 22.
346 3165 456 3234 olol’
438 3170 717 3275 αποτετραμμένοις
727 3172 895 3248 κεχρῆσθαι
915 3163 1079 3232 άπαναινό-

6 3277 7 3280 ’
109 3256 225 3354 μενος]
243 3261 374 3336 losephus
397 3263 477 3320 habet
497 3249 591 3319 ὁπόσα
618 3247 720 3335 άρωχά
746 3251 983 3337 νπαγορεάσεωιν
1004 3263 1078 3340 χρῆ-

110 3347 186 3403 σθαι
209 3331 472 3421 ἀποτετραμμένος.
495 3363 572 3422 quoe
586 3347 690 3403 κοιλίαι·
702 3345 863 3418 moraturo
878 3349 1017 3415 elicerent,
1032 3346 1079 3402 αλ

112 3449 213 3490 eornm
228 3447 283 3488 usu
298 3448 356 3488 κοκ
371 3433 556 3533 abhorrebat.
599 3429 718 3488 Zonaras
739 3429 821 3487 verba
835 3431 965 3487 mendosa
987 3429 1080 3486 videu-

5 3557 7 3600 3
111 3524 167 3576 tur.
201 3502 457 3591 ἀποτετραμμένος
485 3525 512 3575 et
534 3507 777 3590 άπαναινόμενος
803 3515 875 3571 niem
897 3515 954 3569 iere
976 3512 1079 3587 signill-
