2544 3852
187 237 249 304 130
530 238 809 294 xuuornrrorues

253 379 323 453 168,
349 380 399 438 27.
429 375 490 456 πῦρ
512 366 620 484 «370th
644 381 710 437 Vide
733 380 824 437 Gloss.
846 380 918 438 med.
943 379 1058 442 Graecit.

254 465 324 537 169,
348 465 397 522 19.
422 458 478 521 eloi
500 457 555 538 μὲν
578 461 648 542 our]
682 465 718 522 lie
740 465 891 523 'iuncorum
913 466 1020 541 origine
1041 467 1152 540 copiose

186 551 250 606 satis
273 551 379 624 egimus
394 551 421 607 in
437 550 515 607 Notis
531 550 565 607 ad
580 550 724 624 Nicephori
742 549 868 624 Bryeunii
885 549 950 608 hist.
968 549 1015 607 lib.
1033 549 1062 606 1.
1078 567 1105 606 n.
1123 551 1149 607 7.

251 634 323 706 179,
348 635 375 693 1.
405 631 457 708 τῆς
480 627 511 692 δὲ
533 630 686 708 βασιλίδος
709 629 810 712 Zetis]
836 635 942 692 Annum
964 633 1054 692 obitus
1080 634 1149 692 Zocs

186 718 285 776 indicat
296 717 388 793 Lupus
399 718 597 794 Protospatha:
615 718 766 778 an.1050.
782 721 879 776 indict.
894 719 913 778 3
929 721 996 778 obiit
1008 721 1066 777 Zoe
1076 720 1151 793 Imp.
1254 772 1260 779 .

59 850 61 854 .
112 847 115 854 .
185 819 271 860 soror
300 804 484 877 Theodoroe,
515 821 590 878 quae
616 805 743 878 fuerunt
768 805 849 877 filiae
872 805 1051 862 Constantini
1072 803 1149 878 Imp.

185 889 242 945 Zoe
265 891 338 944 enim
360 889 460 946 hahuit
475 893 553 947 uiros
568 895 636 961 tres,
656 893 783 962 primum
798 889 970 961 Romanum,
994 891 1152 947 secundum

184 972 369 1045 Michaelem,
392 977 507 1031 tertium
517 973 733 1032 Constantinum
748 973 978 1030 Monomuchum.
1006 975 1151 1050 Repnom't

131 1129 133 1135 .
185 1073 251 1114 eum
272 1059 318 1114 Iris
334 1059 426 1114 tribus
444 1061 514 1115 viris
530 1077 579 1115 an.
596 1057 647 1131 22,
668 1065 867 1131 postmortem
889 1073 957 1116 aero
974 1059 1151 1130 praedictae

185 1142 258 1198 Zoes
280 1146 412 1216 repnom't
432 1146 496 1215 r'pse
511 1143 716 1202 Constantinus
730 1143 897 1216 Imperator
918 1159 982 1199 cum
1000 1143 1150 1200 Theodora

185 1242 241 1282 sua
263 1232 387 1300 copnatu
410 1230 468 1283 iam
489 1244 589 1285 nouem
612 1231 707 1285 annis.

251 1309 323 1383 180,
346 1309 396 1367 32.
426 1301 629 1388 πρωτεύοντα]
653 1312 835 1386 Nicephorum
851 1319 929 1368 vocat
945 1310 1054 1385 Scylitz.
1084 1311 1150 1368 Vide

186 1394 273 1452 Gloss.
299 1394 370 1454 med.
393 1394 486 1456 Graec.
510 1397 538 1453 in
561 1386 750 1471 Πρατεύων..

251 1479 322 1550 181,
346 1479 396 1538 18.
426 1471 524 1555 μονὴν
546 1477 607 1538 τῶν
630 1471 824 1556 Μαγγάνων]
849 1480 930 1536 Utin
954 1479 1096 1545 condendo
1119 1480 1147 1536 S.

186 1563 295 1640 Georgii
316 1564 349 1621 ad
371 1564 500 1641 Mangana
523 1565 687 1622 Monasterio
708 1566 815 1639 Imperii
830 1565 972 1621 thesauros
995 1564 1153 1621 exhauserit

185 1649 387 1712 hionomachus.
411 1650 532 1724 qualisve
554 1651 638 1707 tuerit
666 1659 694 1707 et
716 1667 795 1724 quam
818 1647 959 1724 magnifica
981 1649 1054 1705 iilius
1076 1657 1150 1705 stru-

8 1767 9 1782 .
74 1742 76 1746 ’
186 1742 272 1806 ctura,
294 1750 360 1808 prae
383 1736 497 1792 caeteris
520 1744 612 1792 narrat
634 1734 746 1792 Michaei
767 1733 872 1790 Psellus
894 1734 941 1791 lib.
965 1733 984 1791 h
1012 1733 1076 1789 hist.
1100 1749 1150 1790 ms.

185 1834 275 1890 neque
297 1819 325 1873 in
347 1834 377 1874 ea
400 1818 549 1892 duntaxat,
578 1820 624 1876 scd
647 1827 676 1876 et
696 1821 725 1875 iu
747 1818 808 1875 aliis
830 1819 884 1876 lieo
913 1819 956 1875 vel
978 1818 1083 1874 Sanctis
1110 1818 1152 1874 di·

185 1901 252 1958 catis
268 1900 377 1958 aedibus
393 1902 579 1960 exstruendis:
602 1893 664 1960 εἶτα
680 1890 782 1976 dri'uai
799 1903 978 1978 πρυτανεῖον
992 1896 1061 1959 νέον
1076 1893 1152 1982 Impr-

185 1975 344 2058 αοδόμησε,
368 1983 615 2082 Πτωχοτροφεῖον
637 1985 722 2044 τοῦτο
745 1981 942 2062 ἐπονομάσας,
966 1981 1017 2043 καὶ
1036 1985 1152 2065 χρυσοῦ

185 2064 281 2146 ῥεῦμα
303 2061 444 2127 ἐντεῦθεν
466 2071 543 2127 moia
564 2074 627 2141 τοῖς
648 2060 752 2128 ἀσκεῖν
768 2065 999 2148 προαιρημένοις
1020 2059 1150 2146 ἀφῆκεν.

251 2153 334 2228 181,
358 2156 406 2214 10.
440 2147 564 2234 ἔξωρος]
595 2157 704 2214 Addunt
732 2157 786 2215 duo
816 2158 895 2216 codd.
924 2149 1146 2235 perapprp'oaoa,

185 2257 235 2315 pro
257 2235 310 2313 τῆς
331 2229 492 2315 αὕταρχίας
515 2236 693 2317 κρατήσασα.
728 2242 767 2298 Ita
788 2259 844 2299 non
866 2243 951 2300 semei
973 2241 1107 2300 hahentur
1121 2245 1151 2299 in

185 2341 250 2380 mss.
274 2341 435 2399 synonyma,
459 2341 527 2400 quae
550 2343 631 2402 saepe
655 2329 802 2397 omisimus,
826 2335 858 2384 ut
880 2337 907 2384 et
928 2326 1056 2384 Wolfius.

251 2408 322 2480 181,
346 2409 395 2467 26.
428 2403 603 2490 Συγκέλλῳ]
627 2411 667 2468 lta
687 2413 860 2486 reposuimus
882 2429 915 2468 ex
936 2411 1042 2469 duobus
1065 2413 1150 2487 regiis

184 2509 236 2568 pro
259 2487 415 2572 Συγγέλῳ,
439 2496 576 2570 quomodo
602 2497 748 2571 scripserat
762 2494 890 2569 Wolfius,
913 2505 941 2552 et
963 2497 1032 2553 aiter
1054 2513 1070 2552 e
1090 2513 1150 2571 reg.

184 2577 315 2652 praefert.
359 2579 403 2637 SIc
430 2580 500 2637 hanc
527 2597 620 2639 vocem
648 2581 803 2656 corrupisse
830 2582 984 2655 sequiorem
1012 2580 1150 2638 Graeciam

185 2670 303 2720 constat.
347 2663 413 2721 Vide
436 2663 524 2721 Gloss.
549 2665 619 2722 med.
644 2665 762 2722 Graecit.

251 2745 404 2820 182,17.
443 2739 460 2804 ὁ
488 2738 702 2825 στρατιωτικὸςΙ
725 2740 865 2826 Μιχαὴλ]
904 2748 983 2806 11000
1008 2750 1151 2824 Brinyam

186 2833 361 2906 cognominat
389 2830 481 2907 Lupus
509 2833 705 2909 Protospatha:
740 2836 823 2892 Anno
852 2833 934 2892 1057
962 2841 1077 2892 mortua
1107 2841 1152 2891 est

188 2917 341 2974 Theodora
362 2915 503 2992 Aupusta.
526 2927 555 2976 et
576 2917 705 2976 Michaei
726 2920 839 2994 Bm'npa
865 2919 969 2991 factus
991 2925 1034 2975 est
1055 2918 1151 2991 Impe-

185 3006 279 3060 rator.
324 2999 400 3057 Mox:
423 3001 559 3060 Mortuus
580 3012 624 3060 est
639 3004 752 3078 Brinpa
767 3003 943 3076 Imperator,
966 3011 994 3060 et
1014 3002 1152 3062 Inachius

189 3084 341 3142 Occhonus
364 3081 537 3163 (Comnenus)
557 3088 660 3161 sactus
682 3095 725 3145 est
746 3087 921 3160 Imperator.
965 3087 1086 3144 Meminit
1100 3087 1152 3144 Zo-

185 3185 263 3225 naras
291 3169 319 3225 in
347 3168 469 3227 Romano
496 3188 600 3246 puero,
633 3180 661 3229 et
686 3172 714 3228 in
742 3172 895 3248 Nicephoro
913 3172 1013 3229 ¹Phoca
1043 3171 1152 3248 Iosephi

185 3252 309 3328 Bringae,
326 3254 443 3312 cubiculi
455 3255 596 3330 Praefecti,
613 3257 691 3314 cuius
702 3273 799 3332 magna
814 3256 866 3313 iuit
877 3259 904 3314 in
920 3257 980 3314 aula
991 3259 1148 3314 auctoritas.
1192 3263 1195 3271 '
1253 3301 1254 3334 ,

176 3388 178 3392 .
244 3337 321 3410 182,
344 3333 393 3396 31.
432 3330 613 3418 πρεσβύτης]
646 3343 805 3416 1100ογ000
833 3341 956 3399 Barensis
983 3359 1027 3404 an.
1057 3340 1149 3400 1056.

184 3421 242 3478 101.
265 3422 294 3480 9.
329 3424 469 3482 Eteaatns
490 3432 533 3482 est
553 3425 673 3484 Michait
689 3426 763 3500 Imp.
786 3427 906 3484 nohicio.
944 3425 997 3484 Sed
1021 3425 1085 3501 quid
1105 3442 1151 3482 so·

186 3513 233 3561 net
255 3506 322 3564 hacc
343 3514 481 3582 postrema
502 3525 554 3566 vox
574 3526 631 3566 non
653 3512 763 3568 omuino
785 3512 916 3586 percipio.
