2550 3854
154 139 157 145 ’
204 173 266 240 154
542 176 819 228 ANNOTATIONES

203 334 267 372 rum
282 324 395 390 strapas
411 316 549 390 efficitur,
566 324 597 374 ut
611 320 695 391 lanpo
707 324 775 387 post
787 324 916 388 tempore
927 333 1048 388 campus
1060 319 1173 389 plenus

185 403 314 458 ‚ossibus
328 404 484 458 rideretur.
524 401 606 459 Omni
619 404 741 476 denique
757 418 822 458 cum
841 402 1028 473 festinatione
1042 405 1099 458 iam
1116 419 1170 458 no-

202 489 328 542 minatus
348 488 446 542 Focas
466 487 646 547 Domesticus
667 485 938 558 Constantinopolim
962 488 1051 558 redit,
1078 487 1172 542 Polc-

202 573 272 626 tium
294 573 408 646 inpredi
426 574 521 642 cupit,
549 579 577 626 et
603 579 668 627 arte
693 573 760 643 lieri
779 571 871 628 Pater
891 571 1025 627 Basileos
1049 575 1168 644 salapit.

202 654 261 711 Sed
274 659 342 728 quia
359 655 477 712 Consilii
497 659 540 712 ris
555 671 664 727 expers
683 658 756 712 mole
775 659 918 726 ruit-sua,
941 662 1021 724 stul
1037 656 1170 712 Flaccus
1257 721 1258 726 η

201 740 279 809 dicit,
305 739 422 795 bitrem
446 747 621 814 temperatam
644 740 798 813 provehunt
820 741 847 795 in
870 742 970 811 mains,
994 757 1012 794 a
1033 741 1168 796 Ranrano

200 825 380 882 Domesticos
405 827 458 880 iste
478 825 604 896 capilus,
632 832 718 898 atquc
744 833 868 898 utroque
890 828 996 880 lumine
1018 827 1167 895 privatur.

201 908 342 982 Bnlpcris
363 925 421 964 non
436 911 549 965 minima
572 913 614 966 ris
628 916 765 982 cupetur,
788 912 879 982 iisque
896 911 1025 966 Graecos
1039 911 1168 980 depopu-

200 991 284 1050 landi
297 995 461 1050 vicissitudo
477 994 566 1064 dupla
583 996 772 1064 rependitur..
798 993 891 1066 Neque
913 1002 1000 1048 tamen
1024 993 1088 1048 baec
1103 1009 1166 1048 curn

200 1075 321 1133 Zonaras
344 1085 371 1132 et
393 1077 507 1150 alionum
534 1078 698 1151 scriptorum
727 1078 936 1150 Byzantinornm
965 1075 1166 1132 narrationibus

202 1165 313 1217 omnino
335 1163 519 1218 consentiunt.

265 1245 316 1316 56,
340 1246 368 1304 3.
398 1233 601 1322 παιδαγωγὸς]
630 1247 807 1316 Theodorus,
830 1245 958 1319 Symeoni
979 1245 1160 1320 Logotbetae,

202 1329 342 1402 Scylitzao,
364 1339 391 1386 et
414 1331 482 1388 aliis.
527 1331 593 1388 Vide
616 1331 786 1392 cambecium
809 1329 889 1386 libs
912 1330 945 1386 de
967 1329 1033 1386 bibl.
1056 1329 1164 1386 Caesar.

200 1431 229 1487 p.
254 1415 301 1472 13.

265 1499 322 1572 56,
346 1501 374 1557 9.
404 1495 458 1556 καί
483 1515 553 1555 ποτε
581 1505 637 1556 rari
664 1494 945 1577 nupanorpmps'vov]
976 1498 1040 1554 Rem
1070 1498 1164 1572 paullo
1253 1565 1255 1574 Ι

200 1599 280 1639 secus
302 1594 393 1640 narrat
408 1585 610 1659 Liutbprandus
634 1585 663 1656 3,
680 1586 713 1642 7:
737 1587 886 1644 Romanus
904 1601 980 1652 nero,
998 1591 1102 1639 utnon
1118 1587 1162 1639 in·

202 1671 340 1739 collidus,
366 1672 463 1727 audito
483 1669 712 1742 imperatorum,
734 1673 789 1728 boc
812 1679 853 1728 est
869 1671 972 1727 Leonis
992 1677 1080 1739 atque
1095 1670 1162 1723 Ale·

201 1755 321 1822 mandri,
338 1757 466 1825 interitu,
482 1755 564 1810 baud
577 1754 660 1829 lonae
676 1757 711 1812 ab
727 1757 798 1812 urbe
820 1758 939 1812 collecto
956 1757 1091 1810 classium
1107 1769 1160 1808 ecc-

200 1841 292 1892 ercilu
309 1837 397 1909 sapit,
419 1845 506 1910 alque
524 1841 554 1893 in
575 1841 699 1896 insulam
717 1858 841 1913 paruum
861 1843 946 1897 iuncta
963 1839 1183 1895 Constantino·

198 1923 300 1996 polim,
322 1925 362 1977 ita
379 1928 410 1978 ut
426 1925 566 1992 epulatio
582 1925 674 1979 videri
683 1939 759 1994 pene
772 1930 885 1997 posset,
907 1925 1019 1980 ratibus
1034 1923 1166 1977 collectis

200 2006 322 2060 adocnil.
352 2007 398 2060 Ad
406 2009 551 2077 palatium
566 2015 660 2063 autem
675 2011 788 2064 minime
803 2009 1023 2080 transfretavit,
1045 2006 1161 2061 laudes-

148 2109 150 2112 ·
170 2087 174 2090 ’
199 2104 255 2161 que
269 2093 353 2145 saara
376 2093 607 2148 consuetudinem
623 2093 873 2167 Porplrpropenilo
895 2096 1006 2149 minime
1021 2093 1160 2156 decanta-

199 2175 247 2228 olt.
289 2173 371 2240 Quae
391 2191 441 2232 res
461 2176 603 2232 Eunucho
625 2177 881 2247 Paracbimmeno,
902 2180 1068 2248 cunctisque
1091 2172 1162 2230 Con-

200 2259 426 2330 stantinopoleos
437 2261 624 2332 Principibus
635 2270 781 2333 stuporem
793 2267 975 2334 timoremque
990 2277 1045 2316 non
1055 2275 1164 2330 parum

200 2346 304 2400 attulit.
334 2345 527 2401 Internuntiis
546 2349 653 2418 itaque,
676 2348 812 2419 quidhoc
828 2349 948 2402 monstri
967 2348 1004 2400 sit
1021 2344 1096 2416 quod
1110 2359 1161 2399 re-

198 2440 260 2497 pem
280 2443 337 2484 non
354 2430 469 2501 adierit,
492 2431 652 2502 laudesque
672 2432 783 2487 debitas
804 2447 858 2486 non
880 2431 996 2486 solverit
1010 2430 1162 2484 sciscitan-

200 2517 255 2570 tur.
305 2511 362 2569 His
389 2532 407 2569 a
427 2513 559 2570 Romano
586 2517 794 2587 respondetur,
822 2516 899 2585 quod
922 2515 1062 2584 propriae
1087 2515 1163 2568 ritae

199 2597 302 2651 timens
317 2597 462 2654 Palatium
477 2599 646 2654 declinarit:
669 2605 696 2654 et
712 2601 830 2668 adiecit,
855 2597 938 2666 Cuod
951 2601 976 2653 si
990 2597 1162 2652 Paracbim-

198 2694 296 2736 menos
317 2685 443 2738 caeteris
464 2698 529 2738 cnm
550 2683 737 2754 Principibus
757 2698 788 2738 se
808 2700 865 2740 non
888 2683 995 2751 adiret,
1021 2683 1163 2751 vitamque

197 2765 387 2822 iureiurando
404 2770 598 2837 promitteret,
627 2783 694 2823 mox
720 2782 751 2822 se
773 2769 813 2824 ad
833 2768 1010 2824 Cretensium
1033 2764 1161 2821 Sarace-

198 2863 302 2904 norum
330 2865 425 2923 repem
453 2851 613 2923 conferret,
639 2867 817 2925 raparumque
841 2852 1012 2925 Arpinorum
1036 2852 1083 2906 sui
1107 2867 1161 2905 cu-

198 2932 264 2988 uiiii
285 2932 456 3004 fortitudine
483 2937 652 2992 debellaret.
704 2937 786 3005 Quod
811 2954 896 3010 quam
921 2936 1026 2992 callide
1052 2935 1161 2990 eliserit

198 3019 296 3072 escilus
321 3021 491 3076 declarabit.
536 3021 631 3094 Ipitur
651 3039 707 3094 qno
730 3021 868 3092 praefati
890 3036 987 3077 sumus
1007 3019 1164 3090 Principes

197 3105 311 3158 terrore
340 3107 493 3176 compulsi,
522 3110 747 3179 ipnorantesqne
773 3107 850 3178 quod
873 3108 978 3162 lateret
1004 3106 1107 3176 anpuis
1133 3106 1161 3158 in

175 3184 301 3257 ‘iterim
324 3205 420 3246 omnes
441 3191 520 3247 bunc
538 3189 719 3259 fiducialiter
740 3191 856 3260 adeunt,
881 3191 957 3263 arrad
971 3189 1161 3244 mandauerat

196 3275 341 3339 proluiter
362 3277 513 3345 cupientes
532 3277 662 3345 implere.
708 3273 786 3342 Quos
807 3289 905 3331 omnes
925 3291 983 3330 non
1002 3275 1077 3329 malo
1094 3289 1161 3328 con·

181 3356 261 3412 *silio
277 3365 414 3429 accepto,
438 3363 584 3428 proiectos
603 3362 632 3414 in
654 3361 795 3414 sentinam
814 3363 901 3430 lipal,
924 3359 1022 3430 sicque
1040 3372 1163 3414 securus

197 3440 237 3494 ad
250 3443 350 3498 urbem
364 3459 468 3515 mapno
485 3459 549 3499 cum
565 3445 700 3498 comitatu
712 3442 846 3514 festinat,
861 3443 963 3512 bisque
974 3457 1046 3514 quor
1060 3457 1161 3513 suspe-
