2532 3844
156 229 216 283 *tv
535 228 749 282 PRAEFATIO.

157 367 242 431 cibus
264 366 474 446 comparandis
497 384 620 446 operam
641 385 755 448 ponere
776 363 888 437 volent,
912 366 949 428 ad
972 367 1047 430 duos
1069 385 1122 448 po-

156 454 305 515 tissimum
320 451 414 514 libros
428 450 583 514 attendere
598 451 760 523 debebunt,
774 450 1035 514 vindobonensem
1049 447 1121 528 102,

157 537 419 600 membranaceum
446 535 590 598 loliorum
617 535 734 600 formae
762 539 908 599 maximae
934 532 1014 608 478,
1038 536 1122 599 cuius

158 625 305 704 excerptis
326 639 399 684 usus
420 630 465 684 est
482 621 519 682 H.
536 620 671 699 Wolilus,
693 628 723 685 et
737 621 913 684 Vaticanum
934 621 1122 684 membrana·

157 727 244 770 ceum
266 725 392 769 numero
415 713 550 770 notatum
573 701 643 773 136.
679 706 725 782 De
745 713 873 788 utroque
891 706 1003 768 dictum
1026 715 1071 767 est
1091 707 1122 766 ia

158 791 254 855 Praei.
277 791 335 854 vol.
360 789 377 853 l
406 812 436 872 p.
459 789 506 869 lv,
531 790 620 854 etde
641 789 864 854 vindobonensi
892 790 929 853 ab
951 789 1058 853 Wollio
1080 791 1121 852 ib.

157 898 187 958 p.
210 877 319 940 XXXII
341 886 371 938 et
391 877 430 939 bi.
452 875 592 938 Pindaro.
635 877 716 939 Alios
738 876 839 957 plures
861 877 1045 938 enumeravit
1068 875 1122 936 Xa-

158 962 270 1024 bricins
293 959 370 1026 Bibl.
393 962 445 1024 Gr.
468 957 562 1022 roll
585 980 615 1042 p.
630 958 703 1025 467.
728 960 775 1023 ed.
793 959 907 1024 Harles.

219 1044 370 1107 ¹l'olumlni
400 1054 484 1108 sexto
515 1044 701 1124 praeclaram
734 1047 771 1108 de
805 1045 937 1107 Zonarac
966 1045 1121 1108 Annalium

158 1131 288 1193 lontibus
310 1132 593 1194 commentationem
609 1130 737 1212 A'dolphi
752 1129 917 1202 Sohmldtli,
941 1129 1122 1192 Professoris

156 1215 303 1285 lenensis,
333 1217 558 1295 praemisimus,
592 1231 650 1294 qua
678 1216 744 1278 boc*
762 1215 899 1277 ellectum
914 1223 984 1276 est·
1002 1221 1035 1276 ut
1061 1233 1121 1276 non

157 1301 253 1362 solum
275 1299 385 1382 qulbus
412 1299 699 1379 scriptoribus‚*rel
727 1302 888 1362 nominatis
906 1300 961 1361 ‘vel
987 1312 1046 1361 non
1069 1317 1121 1359 no·

157 1385 289 1457 minatis,
312 1403 392 1448 usus
413 1387 454 1448 sit
467 1384 606 1471 *Zonaras
628 1383 799 1464 planissime
821 1385 1040 1468 intelligemus,
1069 1381 1120 1444 sed

157 1471 245 1532 etiam
268 1487 326 1552 qua
340 1471 455 1532 ratione
476 1469 597 1532 illorum
613 1487 702 1550 opera
720 1467 923 1552 compilaverit
945 1468 985 1532 ab
998 1476 1062 1531 arte
1077 1467 1122 1529 hi·

157 1555 268 1618 storiae
290 1553 468 1618 scribendae
490 1557 516 1617 si
538 1554 605 1634 quis
620 1555 695 1631 alins
710 1555 920 1636 alienissimus,
942 1553 1020 1634 quod
1036 1569 1122 1634 pror·

159 1659 209 1701 sus
225 1640 343 1720 ingerat
357 1639 489 1702 Zonarae
504 1636 683 1712 laudatores,
705 1620 922 1785 flieron'Jmum
937 1639 1076 1701 Wolllnm
1094 1646 1124 1700 et

158 1725 190 1787 C.
203 1725 397 1804 bucangium
413 1727 523 1786 merito
537 1733 655 1788 notatos
666 1725 704 1786 ab
716 1725 818 1788 Scbmi
840 1725 926 1806 tlo'p.⁵
935 1723 1035 1786 Llllll.
1048 1721 1124 1784 LlX.

218 1809 368 1888 'bucangii
382 1809 707 1890 Annbtationesprope
717 1841 721 1848 ·
730 1812 861 1888 integras
876 1805 1068 1890 repetivimus
1087 1825 1123 1868 eo

159 1896 288 1976 scriptas
310 1891 436 1956 consilio
458 1887 547 1974 quod·
559 1894 632 1975 lps'e‘
645 1895 675 1956 ln
690 1893 879 1956 Praelatione
891 1894 936 1956 *ad
948 1892 1124 1956 bnnotatio·

156 1991 211 2040 nc's
233 1977 381 2056 pluribus¹
394 1981 545 2058 exposuit:
560 1977 667 2050 *Quae
689 1981 897 2041 annotationes
919 1979 974 2040 etsi
985 1976 1069 2050 'nulla
1087 1995 1123 2038 ex
1173 1989 1178 1998 '

157 2069 249 2141 parte*
265 2062 471 2134 satlslaciunt,·
500 2069 598 2124 tamen
624 2063 718 2126 mulla
741 2066 894 2126 continent
923 2061 1123 2125 non-inutilia

156 2149 257 2210 futura
290 2151 320 2209 sl⁴
338 2151 411 2228 ‘quis
444 2151 718 2220 commentarium
741 2148 858 2230 qualem
891 2139 980 2211 bodie
1009 2147 1129 2228 requiri

158 2233 358 2295 scnmtdune'*
377 2234 551 2313 significarit
567 2244 619 2313 ·p.‘
640 2233 719 2305 LlX,
753 2249 936 2313 componere
961 2233 1122 2312 suscipiat.

158 2317 299 2380 Ceterum
322 2317 720 2410 bucangiuslnnbota'tiones
742 2334 812 2380 suas
834 2335 895 2380 non
909 2323 980 2380 raro
996 2315 1128 2397 amplio‘

157 2401 241 2466 ribus
255 2402 398 2465 'distiniit
420 2406 570 2484 excerptis
593 2423 630 2465 ex
650 2400 804 2466 codicibus
827 2403 970 2469 Parislnls
992 2403 1119 2480 scripto·

156 2505 226 2550 rum
249 2487 517 2550 ecclesiasticorum
539 2497 573 2550 et
590 2488 821 2568 byzantinorum
843 2488 957 2560 crinitis
976 2488 1032 2568 'qui
1054 2485 1125 2547 timi

157 2575 267 2653 partim
291 2583 358 2654 post
373 2571 518 2652 Ducangii
532 2578 668 2654 tempora
682 2575 793 2652 integri
808 2574 887 2636 editi·
897 2579 976 2644 sunt
1002 2581 1033 2633 ut
1047 2571 1124 2634 Leo·

157 2656 350 2745 nisllla'coni
372 2657 573 2720 ilistoriarum
596 2655 672 2719 libri
700 2657 799 2720 bb'G.
815 2659 855 2720 B.
878 2658 984 2732 Hesio,
1013 2657 1124 2734 partim

157 2743 321 2803 etiamnum
348 2741 453 2804 inediti
480 2751 558 2804 sunt.
604 2741 687 2814 Quae
709 2748 819 2806 autem*
837 2761 874 2804 ex
895 2733 1048 2804 codicibus
1064 2752 1124 2802 =on·

157 2828 269 2919 cerpsit
298 2827 481 2906 Ducanpium
498 2843 600 2906 saepe
624 2827 813 2907 'negligenter
840 2827 1014 2908 descripsit,
1063 2825 1124 2906 uod

157 2907 313 2991 e'n‘emplis¹
326 2912 521 2974 ostenderunt
535 2910 729 2974 convincem
745 2911 996 2976 innotationlbns
1011 2911 1049 2974 ad
1096 2912 1130 2972 i··

157 2994 323 3075 cepborm‘n
335 2997 511 3075 timorem,
527 2997 635 3059 liasim
649 2993 684 3059 lii
694 2997 949 3068 lconebluoono,
959 2997 1124 3060 'Boissona
1249 3037 1250 3052 ,

158 3079 228 3142 dius
253 3081 285 3141 in
307 3082 466 3169 Anecdotis
482 3083 612 3163 ultique!
645 3081 751 3164 qualia*
769 3073 881 3145 ‘omnia
898 3083 1014 3144 intacta
1033 3079 1125 3144 'nobis

156 3163 511 3245 relinquenda‘luerunt,
540 3173 631 3248 quum
655 3167 724 3247 qnid
751 3166 788 3229 ab
811 3167 961 3249 librariis,
978 3167 1062 3248 ’quid
1084 3165 1124 3228 ab

157 3248 318 3330 Ducanglo
334 3260 494 3334 peccatum·
515 3253 552 3315 sit
575 3259 636 3315 nob
657 3254 751 3333 possit
764 3252 904 3330 'discerni
931 3252 988 3314 nisi
1005 3251 1125 3336 scodici·

159 3335 224 3404 bus,
237 3352 290 3397 ex·
308 3335 417 3418 quibus
430 3337 604 3400 suchautit
620 3338 797 3416 bucanptus,
819 3337 1015 3426 investigatis
1028 3345 1058 3398 et
1073 3351 1124 3398 ac-

159 3422 292 3485 curatius
311 3421 435 3484 collctis.
486 3437 489 3444 ’
526 3455 528 3462 -

535 3563 748 3572 *m
