2550 3854
442 247 492 297 nn
510 245 594 319 von.
614 246 662 300 rr.
725 300 729 312 ,
974 247 1033 310 141

65 403 152 458 uuus,
176 389 222 460 qui
246 381 457 462 oppugnationis
480 393 602 459 tempore
624 387 735 460 impium
758 385 947 443 blalromettem
963 389 1033 462 apud

62 487 128 525 eam
150 473 287 529 nationem
315 471 512 545 Prophetarum
535 471 780 532 eminentissimum,
803 469 926 543 habitum·
952 473 1033 528 male-

62 554 149 610 dictis
172 556 356 628 compluribus
380 555 501 630 quotidie
529 553 731 629 proscindebat.
777 554 854 610 llnrtc
876 555 909 610 ab
930 555 1034 612 interii·

65 638 230 695 ciendorum
263 657 376 697 numero
409 647 565 696 sevocatum
599 639 673 694 humi
707 637 870 696 reclinantes
907 642 1033 713 supinum

72 718 169 795 (tuam,
192 723 277 796 lieus,
300 725 469 780 clementiam
492 719 618 798 imploro)
651 725 760 780 thorace
783 725 902 798 pectoris
926 725 958 780 ad
984 742 1034 799 pu·

69 805 130 862 bem
154 825 240 882 osque
267 810 353 865 virum
376 809 591 880 decorticarunt,
619 807 703 864 eiiusa
727 825 789 866 vero
815 825 863 882 per
884 811 1033 865 sectionem

7 927 8 930 η
69 892 173 948 viscera
206 895 294 949 contis
328 892 498 950 dilaniabant.
549 892 589 947 Ad
622 893 688 949 baec
716 909 765 948 cor
791 895 879 968 ipsum
912 893 1033 949 menibus

29 977 33 982 “
64 975 193 1031 ¹avulsum
215 975 248 1032 ab
271 978 380 1034 bomine
401 977 490 1034 adhuc
511 979 629 1051 spirante
644 977 787 1051 plusquam
802 979 954 1034 immaniter
968 978 1033 1034 den·
1051 973 1085 1030 92

68 1059 140 1116 tibus
164 1061 326 1118 mandebant
345 1064 471 1136 primum,
494 1069 589 1136 postea
604 1061 636 1116 ad
653 1070 752 1117 terram
767 1061 883 1133 allisum,
906 1064 1033 1136 petitum·

68 1160 122 1216 que
144 1145 291 1218 lapidibus,
322 1156 378 1201 tum
401 1147 508 1202 demum
536 1148 683 1202 exsaturati
710 1146 889 1220 reliquerunt.
936 1147 1033 1202 Verum

69 1229 102 1284 de
126 1229 168 1284 bis
192 1229 266 1286 alias.
310 1229 368 1306 ligo
391 1247 455 1286 vero
479 1232 524 1304 qui
553 1231 603 1286 iam
626 1232 725 1286 iterum
753 1247 814 1287 cum
842 1229 977 1305 Episcopo
1004 1233 1032 1286 in

67 1313 184 1386 gratiam
206 1315 352 1388 redieram,
378 1323 459 1388 atque
481 1317 508 1370 in
530 1314 667 1389 Episcopii
689 1316 791 1388 templo
814 1333 867 1371 una
889 1333 949 1371 cum
971 1317 1032 1390 ipso

67 1399 146 1454 stetis
169 1393 295 1472 precibus
318 1401 385 1456 bore
407 1408 482 1455 sexta
505 1415 613 1473 operam
638 1399 740 1471 dabam,
763 1402 859 1459 turrim
883 1399 1032 1456 aliarburis

59 1490 250 1557 expugnatam
273 1483 382 1540 auribus
405 1486 475 1558 cepi,
498 1501 558 1540 cum
582 1482 613 1538 ad
637 1481 717 1538 linem
740 1485 835 1540 cantici
857 1492 966 1539 ventum
990 1501 1032 1540 es-

66 1575 118 1623 set.
157 1567 218 1635 Ouo
239 1570 336 1624 nuntio
359 1585 413 1624 non
437 1568 581 1624 mediocris
609 1567 659 1623 luit
682 1567 847 1624 audientium
869 1569 964 1623 animis
986 1585 1033 1642 pu·

67 1668 116 1706 vor
143 1654 270 1708 iniectus.
316 1652 420 1708 Etenim
450 1653 544 1726 quidni
574 1651 720 1708 timendum
750 1661 823 1710 esset
850 1654 877 1707 in
905 1661 1032 1708 cruentas

66 1735 185 1792 bostium
215 1753 309 1792 manus
338 1752 400 1794 mox
422 1738 571 1794 certissime
597 1737 764 1792 incursurisi
796 1739 914 1792 animum
942 1745 1032 1793 tumen

60 1820 265 1898 quoquomodo
286 1822 459 1895 recipientes,
483 1821 546 1877 dum
568 1822 656 1878 adhuc
670 1821 764 1878 hostes
779 1830 841 1878 ente
856 1829 1032 1896 prospectum

65 1907 156 1980 templi
185 1907 216 1962 in
239 1905 427 1979 depraedando
456 1913 547 1962 essent
576 1907 717 1981 occupati,
746 1906 811 1963 nudi
834 1923 864 1964 ac
886 1906 1032 1964 verecundi

66 1985 175 2064 (quippe
199 1989 332 2046 detractis
355 1990 480 2047 omnibus
503 1991 561 2048 eliis
584 1991 749 2048 indumentis
772 2001 880 2065 praeter
901 1991 946 2047 illa
962 2008 1031 2065 quae

63 2091 96 2128 err
117 2078 195 2132 corio
223 2074 346 2132 conlecta
369 2075 562 2150 gestabamus),
587 2076 619 2131 ad
636 2076 720 2132 altare
740 2076 811 2132 aedis
827 2078 954 2132 maximae
970 2091 1031 2132 cum

57 2157 170 2215 duobus
195 2160 254 2216 eliis
278 2160 383 2216 clericis
405 2161 583 2236 perlegimus.
629 2160 811 2216 Consueverat
826 2160 859 2215 ad
875 2161 944 2216 banc
959 2175 1029 2215 aram

65 2241 240 2300 Beatissimus
263 2245 341 2300 Pater
357 2245 438 2301 ileum
459 2247 557 2302 iratum
572 2245 726 2315 conciliare,
750 2261 883 2318 opemque
898 2245 964 2316 ipsis
980 2261 1030 2316 pro

12 2398 15 2404 .
64 2329 122 2382 suis
145 2327 207 2384 filiis
230 2329 391 2402 implorare,
414 2346 444 2386 ac
466 2331 521 2385 voti
545 2345 656 2402 compos
679 2327 752 2398 fieri3
780 2345 831 2401 qua
854 2329 879 2382 in
903 2344 932 2382 re
954 2327 1030 2383 illurn

63 2414 249 2486 experientiae
272 2411 413 2469 mirificum
436 2415 591 2488 saepissime
612 2412 811 2486 comprobavit:
835 2428 989 2486 quanquam
1003 2411 1031 2467 id

65 2499 197 2571 temporis
220 2513 318 2554 arcano
341 2498 492 2554 divinorum
520 2497 681 2554 iudiciorum
710 2497 823 2554 consilio
852 2513 947 2570 preces
970 2497 1029 2552 eius

65 2580 182 2638 reiectae
205 2583 323 2639 luerent.
367 2581 432 2638 Cum
456 2599 523 2657 ergo
551 2584 578 2638 in
601 2583 643 2638 bis
666 2599 788 2638 essemus
815 2581 942 2658 periculis
965 2597 1030 2637 eon·

64 2667 166 2738 stituti,
190 2667 259 2724 alter
281 2666 313 2722 ab
336 2667 422 2722 altero
445 2669 468 2722 si
491 2668 555 2740 quid
577 2675 717 2740 peccatum
740 2677 832 2737 esset,
856 2666 959 2720 veniam
982 2683 1030 2739 pe·

64 2749 199 2822 tebamus,
222 2768 253 2807 ac
275 2752 391 2808 vicissim
414 2751 588 2808 donabamus.
633 2751 686 2809 lieo
709 2768 773 2808 vero
790 2752 892 2826 gratiae
915 2749 1030 2823 ageban-

64 2843 120 2905 tur,
144 2834 218 2907 quod
242 2837 293 2891 ista
315 2852 365 2892 nos
387 2837 494 2909 perpeti
516 2836 689 2892 decrevisset.
735 2837 787 2892 lem
810 2851 874 2892 vero
890 2833 954 2890 dum
970 2832 1030 2910 lipi-

63 2934 165 2992 scopus
188 2919 295 2993 bugeio
318 2920 427 2976 tutelari
449 2937 524 2976 suum
546 2919 692 2977 Ecclesiam
707 2920 919 2990 commendaret,
942 2929 970 2974 et
985 2921 1030 2976 ad-

57 3011 128 3058 sunt
150 3004 289 3077 extemplo
312 3005 407 3060 hostes
434 3004 564 3060 districtis
588 3005 700 3078 gladiis,
729 3007 916 3079 sanguineque
938 3005 1029 3077 periu·
1083 3073 1084 3076 Ἴ

62 3089 111 3158 sis,
135 3090 183 3160 qui
204 3104 255 3162 per
282 3095 367 3146 totern
390 3088 482 3144 aedem
504 3097 632 3163 vagantes
660 3089 728 3146 alius
757 3089 810 3146 alio
838 3087 1028 3162 deilectebant,

62 3188 182 3244 quorum
204 3189 277 3228 unus
300 3190 315 3228 a
337 3173 499 3230 circumlusa
516 3174 687 3230 multitudine
710 3173 849 3248 digressus
871 3189 976 3230 sacrum
992 3174 1030 3231 al·

62 3265 123 3310 tare
144 3255 215 3328 adit,
245 3256 336 3330 ibique
359 3275 408 3314 nos
431 3260 502 3313 inter
524 3257 615 3314 sedem
639 3267 666 3314 et
688 3274 760 3313 aram
784 3258 921 3315 latitantes
945 3258 1029 3316 olien-

57 3339 112 3410 dit,
138 3341 409 3418 comprehenditque,
432 3343 500 3398 nibil
522 3351 610 3399 tamen
625 3341 773 3398 barborum
795 3345 823 3398 in
845 3359 896 3400 nos
914 3351 956 3398 est
971 3361 1029 3400 mo·

60 3425 142 3493 litus,
168 3439 266 3496 nempe
288 3425 342 3482 lieo
364 3445 412 3484 cor
433 3429 518 3501 ipsius
541 3427 709 3500 aliquatenus
732 3428 931 3501 permulcente,
961 3429 1028 3484 nibil

58 3507 221 3564 iracundum
245 3512 338 3566 sonuit
359 3521 405 3568 aut
427 3514 530 3583 minax,
553 3512 631 3568 vultu
653 3511 686 3566 ad
709 3521 840 3568 terrorem
864 3515 1028 3588 composito,
