2550 3854
555 237 604 286 AD
623 233 706 288 VOL
725 235 773 288 lV.
1084 232 1145 296 133

132 425 134 430 .
180 370 395 452 πληρουμένην,
419 362 459 444 ὦς
480 365 663 444 ἀξιωθεῖσαν
684 363 874 448 ἀναρρήσεως
899 366 931 428 ἕν
932 369 1146 476 οἰκουμενικῇ
1243 383 1246 396 ’

160 469 162 474 “
184 456 279 532 δῆθεν
301 453 418 538 συνόδῳ
433 477 468 536 τη
456 455 655 538 Πουλχερίρι
669 450 941 534 παραπλησίως,
919 477 987 538 ως
976 448 1059 517 α’ἷετο.
1094 453 1146 556 eqd

180 536 386 640 κατηντιβόλει
398 515 458 598 κα1
481 517 677 612 κατεσκεύαζε
698 545 881 616 παραπεῑσυι
908 531 961 598 τδν
987 539 1070 600 ἴδιον
1092 535 1144 600 σύ-

181 629 271 706 ζυγον
292 621 460 730 Λοδόηχρν,
483 615 620 700 ἆπεῖρξαι
642 626 694 702 τῆς
713 621 826 702 Ῥώμης
848 620 900 685 τδν
915 617 1028 684 Πάπαν
1051 623 1146 686 Νικό·

181 717 271 788 λαου,
307 701 347 782 οὖς
375 700 434 770 ὑπὸ
459 705 589 770 συνόδου
610 710 828 814 καθῃρημένον
853 709 1062 786 ολκουμενικῆς
1095 707 1145 768 καὶ

181 799 361 872 καθολικης,
383 786 471 871 ἧς
443 817 475 853 το
498 793 564 853 ἴσον
586 793 637 854 καὶ
659 789 733 872 πρὸς
755 787 852 872 αὐτην
874 792 1054 868 ἐξαπέστειλε
1074 815 1147 870 μετα

183 874 296 959 δώρων.
341 883 394 940 Sed
417 883 562 939 deturbato
585 884 667 957 paulo
689 892 753 959 post
774 886 834 958 ipso
858 885 965 954 lhotio,
989 901 1033 939 res
1055 886 1081 938 ln
1101 901 1146 938 va-

182 986 246 1025 num
270 968 350 1040 abiit,
379 967 476 1024 Basilio
500 977 563 1042 post
585 985 677 1024 necem
701 969 835 1025 Michaelis
864 969 1009 1044 Imperium
1038 968 1146 1042 adepto,

182 1055 260 1110 cuius
282 1054 424 1109 amicitiam
446 1051 614 1124 ludovicus,
638 1052 765 1126 quamdiu
787 1055 864 1126 uixit,
886 1053 993 1109 videtur
1015 1053 1146 1110 coluisse:
1175 1055 1178 1062 ’

181 1154 242 1194 nam
266 1154 321 1194 non
343 1137 431 1194 solum
454 1135 606 1212 Ragusinos
629 1145 724 1194 contra
740 1140 890 1212 Agerenos,
913 1138 1002 1194 basilii
1024 1139 1146 1208 hortatu,

182 1223 267 1295 copiis
290 1223 347 1277 suis
368 1223 446 1291 iuvit,
470 1230 500 1276 ut
521 1220 615 1278 scribit
636 1222 770 1294 Zonaras,
794 1223 937 1278 sedetiam
959 1222 1066 1296 legatos
1082 1239 1147 1277 suos
1188 1253 1190 1258 ·

85 1379 86 1383 ρ
183 1305 447 1404 Constantinopolim
469 1307 557 1376 misit,
580 1323 640 1362 cum
664 1307 811 1362 Concilium
835 1315 931 1363 contra
953 1306 1079 1362 Photium
1102 1323 1148 1361 co·

186 1397 276 1446 actum
303 1398 361 1462 est,
389 1391 436 1463 qui
463 1392 490 1444 iu
518 1405 551 1445 eo
580 1406 631 1444 una
660 1407 720 1448 cum
749 1391 883 1446 Michaelis
906 1392 1046 1464 bulgariae
1073 1393 1147 1464 regis

63 1476 66 1483 '
93 1508 96 1512 -
188 1475 284 1548 legatis
300 1473 465 1544 consedere,
489 1482 520 1529 ut
534 1473 663 1530 docemur
678 1491 710 1530 ex
726 1476 839 1531 Actione
855 1475 873 1532 9
890 1476 1009 1531 eiusdem
1025 1475 1145 1531 Consilii.

250 1558 309 1631 29,
334 1559 383 1616 16.
417 1517 488 1612 δδὲ
509 1551 648 1636 τρόχους]
684 1558 775 1614 Simile
803 1559 867 1632 quid
890 1567 980 1614 narrat
1004 1559 1148 1633 Theophr-

183 1645 269 1713 lactus
292 1643 438 1699 simocatta
462 1641 565 1700 ilistor.
588 1642 697 1700 llaurio.
721 1643 750 1714 6,
775 1645 824 1716 11,
848 1652 875 1699 et
897 1661 928 1699 en
951 1661 984 1699 eo
1006 1643 1149 1717 'lheopha-

184 1744 232 1788 σου
255 1744 315 1784 ann.
342 1727 381 1784 13
404 1726 524 1782 eiusdem
547 1729 679 1801 Augusti,
709 1727 742 1782 de
764 1743 830 1802 rege
853 1728 970 1802 quodam
992 1745 1006 1782 a
1029 1727 1150 1783 Sesostri

183 1813 379 1886 Aegyptiorum
402 1825 467 1886 rege
490 1813 595 1886 captivo
619 1811 701 1869 iacto.
738 1811 803 1867 Cum
827 1813 897 1868 enim
920 1829 952 1869 cn
974 1813 1085 1869 devictis
1107 1829 1149 1868 re·

99 1894 103 1900 '
183 1895 274 1970 gibus,
297 1903 416 1970 quatuor
438 1895 582 1970 selegisset
598 1895 741 1968 Sesostris,
766 1898 812 1970 qui
834 1915 954 1968 currum,
978 1914 1032 1971 quo
1055 1899 1148 1953 trium·

182 1980 267 2053 phum
290 1980 392 2036 ducens
414 1979 573 2054 vehebatur,
597 1999 729 2055 equorum
752 1997 828 2037 more
853 1983 1001 2052 traherent,
1025 1981 1148 2038 altores
1213 1971 1216 1976 ’

181 2066 215 2120 iis
238 2065 359 2120 cunctari
387 2065 461 2119 risus
484 2073 541 2136 est,
573 2065 636 2122 dum
666 2065 761 2122 crebro
791 2075 865 2122 retro
895 2067 1032 2123 conversis
1061 2065 1151 2122 oculis

182 2157 259 2205 rotae
279 2148 475 2204 volubilitatem
504 2150 743 2222 contemplaretur.
787 2148 842 2205 Rex
865 2167 930 2206 vero
959 2151 1040 2206 toties
1062 2152 1151 2224 respi-

182 2234 298 2288 cientem
321 2232 503 2306 compellans,
526 2231 595 2299 Quid
618 2242 676 2306 est,
700 2235 798 2328 inquit,
821 2232 892 2290 boue
915 2236 962 2304 vir,
988 2233 1061 2308 quod
1084 2251 1151 2290 ocu·-

183 2316 255 2372 los
248 2333 275 2372 m
298 2326 407 2392 tergum
431 2319 513 2373 toties
536 2319 700 2413 retorques?
722 2318 765 2373 cui
788 2317 835 2374 ille
858 2317 1015 2392 respondit:
1038 2311 1148 2374 τεθαύ-

181 2419 263 2474 μακα
286 2398 345 2457 τῶν
367 2405 482 2475 τροχῶν
510 2390 546 2458 τοὶ
569 2395 732 2475 κινήματα·
755 2385 954 2476 ανώμαλον’
943 2395 1001 2477 ε’χει
1008 2393 1080 2504 τὴν
1105 2399 1148 2459 κί·

183 2497 286 2559 νησιν,
308 2473 345 2540 τὰ
372 2483 475 2543 τοίνυν
502 2477 614 2542 τούτων
640 2481 715 2560 μέρη
737 2477 959 2588 μετεωρούμενα
980 2474 1074 2555 αὖθις
1095 2505 1151 2544 κυ-

181 2562 329 2664 ταχθόιια
344 2567 468 2644 γίνεται,
490 2565 541 2626 καὶ
565 2563 746 2644 ἔμπαλιν
714 2591 751 2628 τα
773 2567 942 2644 περιπέτεια
964 2589 1036 2645 μετα
1059 2571 1146 2628 τοῦτο

181 2643 281 2731 ἆπεωρ
283 2652 382 2722 λ.ζεται
420 2655 522 2724 Quibus
545 2657 643 2714 auditis
666 2657 812 2714 Sesostriro
835 2659 909 2713 aiunt
932 2657 964 2713 ad
987 2657 1147 2714 modestiam

183 2749 334 2798 correctum
358 2757 432 2810 csse,
463 2741 658 2817 mandasseque
686 2743 776 2799 denuo
799 2742 899 2798 iunctis
927 2741 1007 2798 mulis
1038 2741 1146 2798 acollo

184 2841 280 2899 regum
303 2827 367 2900 iuga
388 2823 467 2882 demi

245 2909 296 2982 31,
312 2909 363 2966 22.
386 2901 554 2981 Νικήταςὸ
568 2898 728 2990 Ὀωρίφας]
753 2911 1041 2986 NicetaePaphlagooi
1053 2900 1143 2986 Ώρύ-
1162 2917 1204 2966 81

181 3012 250 3064 φας.
295 2995 320 3050 ls
342 3003 384 3050 est
411 2993 516 3050 Nicetes
539 2997 681 3070 Patricius,
705 2998 783 3053 cuius
807 2996 927 3051 meminit
949 2995 1102 3053 ludovicus
1124 2997 1145 3051 ll

180 3079 277 3153 lmp.
270 3097 298 3135 nr
321 3079 399 3153 epist.
427 3079 460 3134 ad
483 3079 608 3136 basilium
638 3081 703 3155 lmp.
729 3081 986 3154 Constantinopolit.
1016 3081 1061 3137 uhi
1082 3083 1146 3138 Ha·

181 3165 301 3222 adriatici
316 3170 449 3220 servator
471 3163 578 3221 dicitur.

245 3239 280 3304 ὃν
302 3239 435 3320 ἀδελφὸν
458 3241 490 3304 ἐκ
512 3254 718 3324 πνευματικῆς
740 3242 904 3318 διαθέσεως
927 3244 1046 3328 ἔσχηκε]
1069 3252 1146 3308 Fra·

181 3341 254 3391 trem
269 3336 456 3408 spiritualem.
491 3333 656 3408 intelligitur
677 3337 747 3392 enim
761 3327 1003 3412 οἶδελφοποίησις,
1024 3337 1145 3407 Adoptio

181 3423 211 3475 ιἰι
224 3419 362 3492 fratrem,
386 3421 504 3494 quaein
527 3417 644 3476 Ecclesia
669 3418 726 3476 lieri
748 3438 837 3478 coram
861 3420 1007 3477 Sacerdote
1030 3437 1144 3476 consue-

184 3511 267 3564 uerat.
313 3503 376 3561 Vide
399 3504 488 3565 Closs.
512 3503 582 3562 med.
607 3503 722 3564 (irascit.
