2548 3850
508 235 656 305 envoi
675 253 695 304 1
1067 249 1087 315 9

186 391 323 464 258,1.
361 380 428 444 ου’σε
458 381 612 466 ὀρφνίνων
644 377 711 445 edne
743 386 915 462 καρυκίνων
945 387 1085 468 ἱματίων]

124 463 270 548 ὄρφνινον
298 491 358 530 esse
388 475 507 531 colorem
535 477 727 549 nigricantem,
755 476 843 550 qualis
871 478 906 530 sit
929 477 1086 534 combustae

121 577 269 634 purpurae,
291 559 379 616 loaoh.
405 559 571 616 Camerarius
596 575 627 614 ex
648 559 789 616 Platone
783 577 810 616 m
832 559 940 616 'limaeo
963 571 1085 618 annotat.

121 643 315 718 Philelplrus
308 661 336 700 ru
358 644 538 718 Xenophonte
565 643 769 717 forrupineum
793 646 884 702 vertit.
927 645 1025 704 Pollux
1049 638 1085 701 τά

122 723 235 801 μέλανα
256 721 359 824 ίμάιια
380 728 452 784 diota
475 720 599 784 luisse”
581 745 711 802 ορφνινα
733 730 828 786 tradit:
859 729 929 785 unde
952 729 1086 802 llesyohio

4 817 6 888 ξ
121 804 272 888 ὀρφνίον
271 822 298 870 et
321 800 415 887 ὀρφνί
413 831 442 883 ς,
465 807 593 887 μέλανί
590 804 697 886 μάιιον
713 815 868 887 exponitur.
905 814 939 871 de
961 816 1085 888 caryoiuo

121 899 214 955 colore
234 897 339 974 agimus
361 901 389 954 iu
411 897 499 954 Gloss.
523 897 592 954 med.
616 899 731 956 Graecit.

4 1039 6 1062 Ι
186 982 265 1048 270,
291 982 339 1039 19.
372 973 514 1082 μυριάδες
536 976 737 1059 τετρακόσιαι]
763 992 860 1056 quater
882 983 980 1040 millies
1003 983 1084 1054 mille,

4 1069 30 1119 ².
123 1069 274 1124 sexcenties
297 1066 385 1139 mille,
408 1068 489 1124 vicies
513 1069 599 1124 octies
621 1067 704 1124 mille.
738 1070 885 1124 immensus
908 1069 951 1124 hic
974 1077 1015 1124 est
1037 1085 1087 1124 uu·

4 1191 5 1224 3
122 1168 213 1207 merus
236 1160 264 1206 et
286 1151 404 1208 sortasse
426 1151 522 1223 falsus,
545 1169 576 1207 ex
599 1153 732 1226 imperitia
754 1154 897 1225 scriptoris
919 1161 1001 1226 atque
1017 1153 1087 1208 osoi-

4 1231 6 1296 l
122 1238 220 1307 tantia,
251 1237 297 1310 qui
319 1251 369 1308 pro
391 1255 412 1308 μ
434 1235 476 1292 40
497 1237 589 1310 posuit
612 1255 630 1292 ο
652 1235 726 1307 400,
755 1244 783 1292 et
809 1253 858 1310 pro
881 1231 1011 1309 χιλιάδες
1033 1255 1086 1308 μν·

4 1313 5 1318 ’
123 1311 231 1395 ριάδες.
261 1319 332 1394 apud
354 1321 497 1394 losephum
521 1319 628 1393 quidem
651 1319 697 1378 tiu.
716 1322 848 1394 Antiquit.
866 1323 903 1378 11
926 1321 1087 1378 tantundem

122 1404 237 1478 legitur:
266 1404 314 1459 sed
336 1401 435 1464 Esdrae
463 1404 511 1459 lib.
535 1403 553 1460 3
576 1421 600 1461 c.
624 1404 642 1460 5
670 1419 703 1458 ex
731 1407 907 1461 conversiouo
930 1406 1086 1462 Castalionis
1106 1406 1136 1455 11

4 1495 6 1538 Ξ
122 1497 300 1544 numerantur
321 1487 429 1546 40000
450 1487 644 1544 Israelitarum:
675 1487 773 1560 quibus
799 1505 859 1543 eum
881 1493 953 1546 servi
974 1489 1087 1546 ancillae

4 1565 6 1622 l
123 1581 249 1629 cantores
272 1573 398 1646 psaltriae
420 1573 571 1642 adduntur,
598 1570 667 1628 fiunt
689 1571 803 1628 49952.
844 1581 922 1630 vetus
943 1573 1086 1631 translatio

122 1667 247 1712 numerat
268 1657 402 1713 israelitas
417 1656 533 1728 42340,
556 1673 648 1718 seruos
671 1665 699 1712 et
720 1656 829 1712 ancillas
846 1657 939 1731 7337,
962 1665 1087 1714 cantores

4 1753 6 1768 ³
123 1750 151 1798 et
173 1741 333 1798 cantatrices
356 1741 432 1798 265ε
457 1744 503 1815 qui
525 1699 627 1798 laciuut
649 1740 832 1798 49942W

188 1825 265 1898 273,
289 1825 337 1882 22.
369 1815 574 1899 ὠνομασμένος
596 1844 637 1881 τω
662 1820 742 1904 θεῳ]
766 1831 941 1884 nominatum
962 1830 1015 1885 cleo
1037 1843 1087 1901 pro

123 1911 303 1980 dedicatum,
327 1901 544 1985 άφιερωμένος,
567 1884 808 2012 καοωσιωμένος.
838 1913 882 1968 W.

189 1993 265 2064 280,
289 1953 315 2052 0.
354 1991 414 2050 τῶν
441 1991 529 2052 ἰδίων
556 1988 692 2067 πράξεων
720 1989 755 2053 τὰ
782 1987 995 2074 ὑπομνήματα]
1028 1996 1087 2102 ude

4 2151 6 2154 Ι
124 2077 310 2135 01οοο.ωοιλ.
335 2066 710 2154 οοοοαίῑ.ἰιιοίναμνήσεις

4 2155 35 2172 ”
188 2162 266 2233 285,
289 2163 340 2220 32.
374 2155 569 2240 Βουκεφάλα]
599 2165 792 2258 Constantinus
815 2166 949 2222 Manasses
975 2184 1001 2239 p
1026 2165 1088 2223 170

124 2241 219 2323 [versu
243 2241 340 2326 1786]

208 2327 349 2408 καθάπερ
372 2349 425 2388 τον
445 2307 676 2407 Ἀλέξανδρον“
659 2350 749 2401 ιιιπος
773 2324 789 2391 ὁ
814 2323 1018 2406 Βουκεφάλας.

86 2419 91 2426 “
121 2417 160 2472 ita
182 2418 263 2473 etiam
286 2418 436 2492 appellatur
457 2417 491 2472 ab
512 2416 653 2472 Eustathio
676 2417 750 2475 lliad.
768 2417 788 2494 β
809 2437 836 2493 p
854 2418 914 2476 309
938 2425 965 2472 et
988 2417 1056 2472 aliis.

4 2487 8 2510 ⁵
152 2499 316 2573 286,1.
348 2494 598 2578 παρακαλπάσας]
628 2501 687 2558 vide
711 2501 798 2560 Gloss
827 2503 898 2560 med.
922 2501 1036 2558 Graecit.
1061 2503 1088 2558 iu

121 2573 229 2657 κάλπη.

188 2669 261 2744 290,
272 2673 323 2730 30.
346 2657 397 2726 τὸν
405 2659 555 2747 Όμηρον]
572 2669 837 2728 VideEustatlrium
829 2689 857 2728 m
869 2671 940 2728 lliad.
949 2667 1008 2745 βρ
1017 2670 1087 2728 239.

4 2807 7 2830 ,
188 2753 260 2825 296,
283 2756 333 2812 21.
360 2749 600 2834 Ἕλληνιφωνῇ]
624 2753 741 2812 Wolfius
760 2748 910 2828 Ἑλληνίδι
925 2757 1036 2828 mavult,
1058 2763 1089 2812 ut

121 2838 192 2895 inira
220 2840 323 2914 legitur
349 2839 395 2897 lib.
419 2840 576 2910 4n1.6‚
604 2839 651 2896 ubi
673 2843 752 2896 etiam
776 2831 904 2896 Ἑλλάδα
934 2835 1088 2898 διάλεκτον

4 2931 5 2934 ’
51 2951 80 2968 ,-
122 2921 199 2984 dixit.
231 2923 354 2980 observat
376 2885 534 2982 Eustathlus
557 2883 630 2981 lliad.
654 2943 678 2980 ω
698 2927 804 2982 Atticos
827 2935 854 2982 et
870 2926 1012 2984 Dorienses
1027 2925 1088 2994 τοῖς

4 2999 15 3080 'ff
122 3005 312 3083 κυριωτέροις
339 3010 379 3065 uti
393 2998 538 3066 solitos'
522 3003 588 3064 αντὶ
611 3009 775 3082 κτητικῶν,
804 2999 842 3078 ω’ς
864 3021 958 3083 φασιν
980 3006 1012 3066 οἱ
1031 3027 1087 3064 πα-

122 3085 243 3186 λαιοὶ,
249 3083 317 3196 οίρν
346 3087 454 3168 ἕλληνα
481 3081 606 3165 στρατὸν
633 3083 686 3149 τὸν
716 3083 887 3168 ἕλληνικόν,
922 3087 1089 3164 ἄνθρωπον

4 3179 8 3248 l
120 3155 200 3246 ἦθος
227 3163 293 3232 doct
321 3177 374 3236 τοῦ
403 3173 615 3254 ἀνθρώπινον,
647 3171 754 3236 ἒλλάδα
781 3171 948 3252 διάλεκτον,
980 3175 1088 3236 δοῦλον

4 3289 6 3326 3
118 3277 206 3336 γενος
227 3271 280 3319 eto.

187 3347 265 3420 299,
289 3349 318 3408 8.
353 3341 512 3418 τριάκοντα
539 3339 614 3420 πρὸς
637 3343 720 3424 δυσί]
750 3350 913 3405 Arrianus
905 3365 933 3406 rn
961 3347 1006 3404 lib.
1035 3363 1088 3404 rer.

4 3443 6 3506 g
120 3433 236 3490 ludicar.
264 3433 357 3492 scribit
384 3445 477 3509 patere
500 3433 635 3507 Gangem,
665 3451 717 3507 qua
739 3435 852 3490 manime
880 3441 1013 3506 angustus
1035 3439 1087 3502 est,

121 3517 154 3574 ad
178 3523 286 3572 centum
308 3519 403 3576 stadia.
