2548 3850
509 219 558 270 an
577 219 663 279 von
678 220 730 272 111.
1064 220 1102 284 31

136 343 178 430 ἦν
199 349 314 430 ταύτην
336 343 497 453 ἀγαγοῦσα
519 351 551 413 έν
573 349 905 434 Κωνστανττνουπόλει,
933 353 984 416 καί
1011 354 1043 416 έν
1064 379 1105 417 τω

22 460 37 472 -
137 437 255 518 μεγάλω
278 439 358 500 κίονι
381 441 433 498 τοῦ
456 432 553 518 φόρου
575 435 730 515 ἱδρύσασα.

203 526 279 600 182,
303 527 353 586 29.
385 517 570 595 ’Λπόλλωνος
596 520 730 606 ἄγαλμα]
763 527 847 586 Multa
873 497 986 604 perinde
1007 529 1105 587 ibidem

138 613 312 670 observamus
334 611 367 668 de
390 612 439 668 hac
461 621 560 685 statua,
583 614 630 670 uhi
651 622 679 670 οι
695 613 824 688 quaedam
842 615 982 688 attigimus
1003 613 1037 670 de
1052 614 1106 670 cla·

136 700 176 757 vis
199 697 373 754 Dominicis
365 712 393 752 m
417 712 475 752 eam
496 698 633 770 immissis,
655 715 712 755 non
734 697 845 755 modo'
837 715 866 754 m
888 706 985 771 caput,
1008 697 1055 756 sed
1078 705 1106 754 et

136 784 165 838 in
187 783 250 856 equi
271 781 406 838 fraenum:
431 781 465 838 de
488 781 587 856 quihus
610 785 647 840 ita
661 781 830 856 Nicephorus
845 781 1018 856 Presbyter
1010 797 1038 838 m
1053 783 1106 838 vita

136 866 258 924 nendum
286 864 407 922 editaS.
431 865 554 925 Andreae
581 875 696 942 propter
722 866 859 924 Christum
881 843 953 923 Sall·
982 881 1106 962 περιπα-

136 947 259 1048 τουντμς
280 948 333 1008 τοῦ
356 939 442 1006 ὁσίου
463 943 497 1006 έν
518 947 560 1048 κρῆ
584 947 714 1030 δημοσίῳ
726 941 815 1049 φόρῳ
830 947 956 1027 πλησίον
976 967 1029 1008 του
1016 947 1106 1008 nlo·
1123 959 1157 1008 30

136 1053 203 1107 νος,
225 1024 260 1091 ὃν
283 1028 315 1091 έν
336 1030 468 1114 μακαρία
489 1029 594 1138 μνήμῃ
614 1026 756 1113 βασιλεὺς
778 1029 1046 1104 Ιίωνσταντῖνοςτ
1029 1053 1045 1092 ο
1072 1029 1106 1092 έν

138 1111 234 1195 ἁγίοις
257 1114 393 1194 ἔστησεν,
421 1091 507 1174 έν
477 1139 500 1200 ω
523 1115 597 1192 φασὶ
619 1115 670 1177 καὶ
693 1116 762 1190 τοὺς
783 1117 899 1197 τιμίους
926 1111 1015 1196 ἥλους
1036 1109 1106 1190 τοὺς

138 1199 171 1261 ἐν
190 1224 233 1284 rap
262 1201 398 1302 ζωοποιῳ
426 1222 480 1261 του
502 1201 620 1279 Κυρίου
646 1200 762 1280 σώματι
791 1200 981 1302 ἐμπαρέντος
1003 1200 1035 1262 έν
1062 1203 1106 1286 τῷ

136 1262 237 1346 έπανω
259 1307 365 1346 τουτου
378 1261 534 1394 ἱσταμένῳ
556 1281 712 1385 ανδριοίντι
735 1287 834 1366 ἔθετο,
856 1286 933 1365 πρὸς
948 1281 1037 1362 δόξαν
1052 1307 1104 1348 του

134 1376 223 1448 θεοῦ,
247 1370 360 1450 σκέπην
381 1391 412 1430 τε
434 1369 485 1430 καὶ
509 1367 712 1451 φυλακτηριον
734 1373 786 1449 τῆς
801 1371 952 1452 βασιλίδος
973 1373 1035 1433 τῶν
1050 1369 1104 1432 πό·

139 1459 222 1517 λεων.
266 1459 537 1518 nonenoeane.
560 1461 662 1518 llartii:

242 1541 279 1624 τῇ
303 1534 378 1626 αὐτῇ
400 1535 514 1646 ἡμέρα,
536 1535 615 1618 ἦ”
580 1559 714 1642 enorum,
715 1542 776 1602 τῶν
798 1535 837 1621 dy
838 1539 894 1601 ίων
914 1537 1014 1618 ἥλων,

242 1625 386 1730 μανέντες
408 1615 475 1704 ἧλοι
496 1625 639 1704 βασιλέως
661 1629 714 1686 τοῦ
736 1623 791 1705 μὲν
812 1622 940 1704 κράτους

241 1707 360 1790 α’μαλμα
381 1715 512 1784 κεῖνται,
533 1711 587 1771 τοῦ
609 1712 732 1790 χαλινοῦ
755 1709 786 1771 δὲ
807 1710 945 1792 κράτους.

42 1833 44 1838 .
140 1801 206 1857 Vide
228 1801 469 1874 Theophanemp.
493 1799 543 1858 21.

201 1884 279 1957 182,
302 1879 353 1942 31.
387 1882 441 1940 τοῦ
466 1875 569 1962 ’Iltov]
593 1883 637 1942 Sic
664 1903 728 1942 mss.
753 1901 861 1941 omnes.
889 1892 916 1941 at
937 1882 1103 1954 hambecius,

135 1986 185 2026 seu
207 1970 364 2027 llolstenius
393 1969 426 2026 ad
448 1967 579 2026 Codicum
608 1969 642 2026 de
665 1969 739 2045 Orig.
764 1969 812 2026 CP.
840 1987 867 2026 n.
890 1968 931 2026 46
959 1968 1105 2042 legendum

138 2055 279 2112 contendit
300 2047 414 2122 πόλεως
435 2041 489 2110 τοὺ
507 2047 647 2148 Ἠλίου,
644 2071 694 2112 seu
709 2053 895 2130 Heliopoleos,
919 2071 952 2110 er
966 2051 1027 2109 lulii
1041 2051 1104 2108 Pol·

136 2139 205 2196 lucis
227 2137 377 2196 Chronico·
399 2133 450 2194 καὶ
471 2127 570 2196 έπυίνω
592 2157 645 2195 του
634 2135 769 2208 κίονος
784 2133 905 2232 ἔστησεν
927 2123 1066 2194 ἑαυτοῦ
1049 2155 1102 2192 αν-

136 2214 275 2297 έρνάντα,
306 2218 409 2319 ἔχοντα
436 2217 469 2280 έν
490 2226 528 2302 τῇ
549 2211 644 2280 αὐτοῦ
671 2221 786 2302 κεφαλῇ
814 2208 1041 2290 ακτῖναςξ.
1031 2212 1103 2297 όπερ

136 2300 349 2384 χαλκουργημα
375 2296 489 2385 ἤγαγεν
517 2303 549 2363 ἐκ
578 2304 629 2382 τῆς
653 2301 780 2380 Ηλίου,
797 2299 911 2376 πόλεως
938 2299 1030 2379 οὔσης
1051 2302 1106 2378 τῆς

139 2392 168 2448 Φ
228 2389 284 2460 ίας.

170 2411 284 2552 QvlySC,
304 2477 353 2534 14.
384 2473 424 2546 είς
451 2463 540 2552 τιμὴν
568 2464 700 2552 ἀνήγαγε
723 2463 963 2552 Πατριαρχικὴν]
995 2473 1104 2530 Falsum

40 2580 48 2584 ·
137 2563 211 2637 quod
239 2523 278 2620 eil
298 2563 512 2620 Patriaruhatum
535 2561 862 2636 Constantinopolitanum
888 2579 903 2617 a
926 2559 1103 2617 Constantino

137 2647 172 2703 ll.
197 2657 332 2705 erectum:
354 2648 417 2704 hinc
440 2647 643 2721 Metrophanem
658 2647 834 2722 Byzantinum
850 2644 1012 2720 Episcopum
1035 2643 1104 2699 inira

136 2733 319 2790 Patriarcham
347 2740 440 2804 vocat,
473 2739 504 2788 ut
532 2739 560 2787 et
586 2732 716 2806 Iosephus
744 2733 895 2806 Aegyptius
922 2728 955 2786 de
984 2727 1103 2784 Concilio

136 2816 274 2890 Epheaino
302 2837 329 2893 p.
353 2817 413 2874 685
442 2825 470 2872 et
491 2816 668 2873 Damascenus
691 2816 798 2873 Studita
825 2815 924 2872 Homil.
948 2813 998 2873 33.
1040 2811 1104 2868 Vide

137 2908 259 2958 nostram
282 2901 558 2974 Constantinopolim.

203 2985 280 3058 183,
303 2985 353 3042 24.
385 2975 613 3062 Μητροῳτῖνης]
643 2985 775 3057 Consule,
805 2985 828 3042 si
851 2984 942 3056 lubet,
965 2984 1032 3040 dcta
1054 2981 1101 3038 SS.

136 3071 322 3168 distrophanis
344 3079 372 3126 et
395 3070 538 3126 Alexandri
560 3070 632 3126 edita
660 3087 674 3126 a
697 3070 842 3140 Cretsero,
871 3067 896 3125 S.
920 3068 1104 3142 Nicephorum

136 3157 166 3210 in
188 3155 340 3230 Chronogr.
370 3173 396 3229 p.
420 3155 498 3226 413,
531 3155 556 3210 1.
580 3153 623 3211 ed
654 3155 798 3228 Synanaria
826 3160 855 3210 et
881 3152 989 3210 hienaea
1017 3150 1102 3208 adl.

137 3239 216 3312 lunii,
241 3259 296 3314 quo
318 3239 390 3296 illius
414 3197 530 3333 Sypalin
555 3237 694 3296 celebrant
716 3238 817 3294 Graeci.

203 3284 274 3398 l84,
298 3326 326 3382 6.
357 3316 406 3380 ἐπὶ
421 3321 480 3379 τῶν
495 3315 651 3399 δωμάτων]
676 3314 836 3399 Hesychius,
860 3309 993 3396 δωματαε
1016 3310 1104 3391 οἶκοι,

138 3399 370 3484 vindonensis.
407 3409 446 3465 lta
468 3411 550 3466 domn
574 3417 707 3482 usurpant
729 3407 872 3482 aliquando
894 3408 1041 3480 scriptores
1062 3405 1103 3459 in-

138 3491 216 3550 fimae
230 3493 393 3566 Latinitatis,
414 3493 511 3551 Petrus
527 3494 644 3550 llamiani
660 3493 678 3550 l.
694 3491 722 3550 5.
744 3491 829 3568 Epist.
848 3491 897 3548 11.
921 3489 1000 3546 Liber
1015 3487 1103 3543 llirac.
